2373 3340
528 131 937 186 CAPUT
1039 126 1674 187 TERTIUM.
1863 151 1930 197 55

203 262 429 322 calentis
458 257 601 331 sumi
618 259 805 333 globos
835 257 1100 331 exbalaffi’
1126 275 1143 322 ,⁸
1176 275 1401 329 quorum
1430 262 1644 334 quidam
1675 273 1799 316 tuin
1827 261 2008 317 celori-

204 349 328 395 tate
356 346 529 390 motus
560 368 573 394 ‚
625 346 748 388 tum
788 344 1043 404 vaporum
1096 331 1361 387 densitate
1398 335 1484 386 ita
1541 332 1793 407 conspicui
1845 342 2006 387 erant

205 424 370 483 atque
396 407 614 479 insignes
641 443 656 469 ,
693 419 762 461 ut
790 408 864 460 ad
879 406 1084 476 viginti
1108 405 1272 458 etiam
1292 405 1493 480 palmos
1516 407 1800 478 consertiin
1840 405 2011 478 affur-

195 498 328 556 gere
357 515 373 543 ‚
398 477 714 557 sursumque
753 479 863 532 niti
900 477 1221 532 viderentur
1253 516 1266 530 .
1323 477 1500 550 Atqui
1532 480 1745 533 lezflores
1784 482 2006 532 monitos

209 551 571 614 voluerimus,
605 545 902 625 hujusmodi
929 552 1340 622 evaporationes,
1370 565 1441 606 ut
1471 547 1543 607 ἔθ’
1572 552 1797 607 calorem
1826 547 2012 625 ipsum,

204 643 357 699 quein
387 639 600 682 torrens
629 626 773 677 omni
798 640 864 676 ex
887 635 1047 697 parte
1076 621 1311 693 efflabat,
1334 635 1490 700 prope
1514 637 1817 680 extremum
1842 620 2016 676 amnis

206 700 376 771 igniti
405 698 654 753 trabium
681 730 696 754 ,
728 712 887 765 quam
909 692 1009 770 sub
1038 697 1191 750 illius
1230 699 1400 752 initia
1433 734 1448 761 ,
1461 696 1854 771 frequentiores
1882 701 2022 768 gra·

207 765 478 841 viores'que
505 763 757 839 exstitiffi’
786 789 804 822 ‚²
868 769 1018 836 cujus
1059 769 1141 818 rei
1180 767 1412 839 cauſjarn
1450 769 1699 843 arcqffere
1738 767 1960 820 aliunde
1998 765 2021 823 ἰ

208 856 371 916 quam
409 856 441 892 a
470 842 671 911 majore
717 840 884 910 igniti
923 839 1092 890 amnis
1152 838 1455 894 altitudine
1494 877 1511 903 ‚
1565 858 1669 894 non
1697 835 2016 911 poffumu53

210 909 625 988 quandoquidem
652 913 813 965 intra
846 910 1049 967 vallem
1081 946 1097 971 ‚
1124 927 1234 981 quae
1263 929 1296 962 a
1318 921 1479 982 ponte
1500 911 1652 985 regi-n
1679 912 1780 966 viae
1808 909 1883 961 aa'
1905 921 2020 961 ma-

211 1003 271 1041 re
292 990 535 1060 pertinet
575 1021 591 1047 ,
656 983 730 1036 ad
761 981 919 1055 usque
948 982 1390 1056 vigintiquinque
1421 980 1596 1057 paffus
1632 1023 1650 1049 ‚
1710 977 1782 1038 ξς
1811 981 1974 1036 ultra
2003 1013 2022 1042 ,

213 1060 466 1113 immanis
504 1057 658 1111 moles
686 1056 929 1111 excrevit
960 1093 973 1107 .
1013 1053 1375 1130 Manifestum
1404 1060 1545 1110 enim
1571 1055 1669 1127 cst,
1709 1072 1809 1128 quo
1838 1056 2022 1126 igneus

215 1142 430 1186 torrens
458 1130 674 1185 uberior
704 1124 777 1184 &5
805 1128 977 1182 altior
1007 1125 1147 1198 est,eo
1180 1129 1346 1182 etiam
1362 1124 1485 1203 fore
1522 1127 1798 1182 retinendo
1830 1123 2026 1186 calori,

218 1216 368 1274 quem
395 1198 565 1273 fimel
589 1202 866 1255 induerit,
893 1200 1152 1265 aptiorem
1182 1235 1196 1246 .
1224 1200 1304 1247 At
1335 1202 1586 1266 quoniam
1614 1203 1716 1251 vix·
1744 1194 2028 1271 quisquam

214 1269 512 1322 adducetur
545 1303 560 1329 ,
588 1278 657 1321 ut
688 1265 900 1328 credat,
921 1262 1058 1337 poffl
1088 1263 1309 1336 maffam
1337 1266 1546 1331 ullam,
1585 1267 1881 1342 quamlibet
1913 1280 2030 1318 ma·-

216 1343 421 1395 ximam
451 1377 466 1403 ‚
522 1338 816 1403 tuendoque
839 1338 1008 1392 calori
1037 1337 1610 1413 accommodatiffimam
1639 1381 1656 1407 ‚
1698 1341 1912 1394 tamdiu
1943 1350 2030 1393 ca-

213 1415 324 1468 lere
349 1448 365 1477 ‚
400 1410 467 1483 fi
487 1411 646 1466 nulla
676 1413 790 1466 alia
819 1409 1003 1480 occasio
1038 1409 1266 1484 feratur
1304 1411 1399 1485 effl’
1429 1415 1559 1469 novi
1577 1409 1802 1490 subinde
1831 1411 2031 1469 caloris

217 1485 530 1560 concipiendi
559 1504 577 1551 3
608 1487 852 1558 proxime
891 1485 964 1541 ad
988 1501 1180 1540 verum
1220 1488 1418 1541 accedit
1455 1485 1764 1559 conjebiura
1793 1523 1809 1551 ‚
1846 1488 1909 1544 vi
1941 1482 2037 1537 ad-

217 1555 495 1628 mistorum
526 1592 542 1616 ‚
571 1575 682 1628 quae
709 1558 944 1610 diximus
973 1593 990 1620 ‚
1050 1557 1400 1609 mineralium
1426 1595 1441 1621 ,
1498 1576 1780 1631 eorumque
1807 1560 2035 1613 coitione

217 1640 382 1701 atque
409 1625 589 1689 lucia,
618 1627 837 1700 maffiim
865 1629 1024 1682 illam
1052 1629 1390 1683 continenter
1428 1628 1659 1684 ebullire
1687 1642 1851 1704 atque
1879 1628 2033 1703 effer-

219 1716 346 1758 vere
374 1719 394 1766 3
458 1715 618 1772 eaque
656 1718 715 1755 re
743 1713 866 1756 tum
903 1702 1131 1756 calorem
1159 1696 1326 1772 ipsum
1363 1700 1669 1776 conservari
1707 1698 2038 1768 circumobsi-

222 1772 393 1827 dentis
425 1772 664 1826 materiae
693 1793 714 1841 3
756 1787 879 1830 tuni
907 1771 1075 1849 densos
1114 1770 1407 1850 calidofque
1434 1786 1666 1847 vapores,
1706 1793 1828 1849 quos
1853 1773 2039 1848 paffim

221 1861 248 1898 e
277 1845 545 1899 torrentis
575 1848 728 1900 rimis
746 1848 966 1924 prodire
985 1842 1325 1921 prospicimus
1358 1882 1374 1908 ,
1411 1846 1667 1902 exhalari
1705 1887 1720 1902 .
1776 1847 2039 1920 Nostram

227 1915 590 1988 conjeiiuram
627 1919 731 1973 illa
767 1920 1115 1990 consideratio
1152 1920 1385 1974 maxime
1416 1917 1627 1988 firmat
1667 1942 1686 1991 3
1741 1922 1880 1994 quod
1930 1930 2039 1990 qua

222 2001 383 2064 parte
397 1986 593 2062 fumus
621 1992 718 2047 ille
747 1991 966 2063 efflatur
993 2029 1009 2053 ‚
1047 1992 1347 2058 adjacentes
1385 1991 1577 2063 lapides
1616 1995 1851 2065 crustam
1878 1994 2044 2066 osten-

235 2062 376 2116 dunt
392 2059 661 2135 sulphure
689 2099 706 2124 ,
743 2060 967 2135 aliisque
993 2065 1145 2119 varii
1162 2062 1373 2134 generis
1382 2061 1600 2136 salibus
1629 2067 1841 2121 illitam
1871 2078 2047 2137 atque.

233 2127 548 2206 conspersam
579 2151 597 2199 3
638 2151 744 2206 qua
803 2136 862 2190 de
914 2152 973 2189 re
1030 2133 1340 2189 commodius
1371 2137 1507 2191 alibi
1536 2139 1704 2193 verba
1722 2138 1984 2215 faciemus
2024 2142 2042 2190 .’

233 2206 406 2260 Porro
433 2206 493 2258 in
532 2204 679 2278 hasce
706 2210 970 2264 torrentis
998 2210 1166 2262 rimas
1195 2242 1210 2269 ,
1240 2208 1379 2262 unde
1416 2210 1587 2281 major
1625 2213 2044 2269 exhalationum

233 2275 485 2351 ejusmodi
513 2282 654 2352 copia
683 2277 946 2355 exspirari
983 2277 1275 2356 consuevit,
1283 2281 1350 2348 st
1370 2284 1484 2354 quis
1505 2283 1618 2357 post
1643 2286 1869 2362 amplius
1903 2301 2045 2339 men-

219 2350 337 2425 jem
376 2349 587 2423 lignum
614 2354 752 2407 exile
779 2352 1029 2426 injeciffi’t
1059 2373 1076 2420 3
1107 2351 1263 2409 brevi
1290 2354 1437 2408 illud
1464 2357 1704 2429 ignitum
1735 2397 1750 2423 ,
1807 2369 1909 2412 aut
1926 2353 2049 2430 sal-

240 2435 351 2480 tem
379 2423 654 2480 torridum
681 2427 801 2482 inde
839 2426 1163 2499 extraxiffi’t
1193 2465 1206 2479 .
1258 2424 1363 2480 His
1401 2441 1585 2485 autem
1618 2473 1632 2497 ‚
1685 2452 1796 2507 quae
1824 2431 1899 2484 ad
1924 2442 2049 2504 pro-

241 2495 475 2552 bandam
503 2495 694 2553 caloris
721 2496 1272 2577 Vesuvianifluininis
1301 2499 1702 2575 longaevitatem
1728 2504 2050 2562 attulimus,

243 2584 348 2624 non
385 2567 500 2623 leve
527 2585 850 2628 momentum
877 2575 1075 2630 accedit
1113 2588 1182 2626 ex
1219 2569 1585 2648 observatione
1612 2580 1782 2634 etiam
1809 2575 2047 2650 ingentis

237 2638 390 2719 fumi
419 2676 435 2702 ‚
466 2660 617 2714 quem
644 2665 670 2698 e
695 2660 815 2703 toto
827 2646 1005 2725 ferme
1029 2648 1171 2721 {gnei
1196 2650 1462 2702 torrentis
1485 2649 1678 2706 traetu
1706 2651 1916 2727 delapsae
1932 2648 2054 2727 for·

250 2728 307 2771 te
325 2716 528 2791 pluviae
556 2723 877 2778 exciverunt
904 2739 925 2775 .·
952 2737 1115 2788 neque
1142 2720 1202 2773 id
1224 2735 1349 2776 vero
1375 2733 1501 2776 tum
1525 2722 1696 2793 folum
1713 2724 1938 2802 snitum
1969 2720 2062 2792 cst,

253 2810 374 2847 cum
394 2793 578 2862 paucis
615 2795 684 2849 ab
722 2795 960 2849 incendio
996 2793 1174 2849 diebus
1205 2831 1222 2858 ,
1259 2805 1328 2849 ut
1379 2799 1438 2851 in
1477 2797 1824 2872 Ephemeride
1863 2808 2059 2855 narra-

253 2877 376 2920 tum
391 2862 547 2940 fuit,
567 2865 760 2947 fumus
781 2878 979 2939 praetcr
1008 2867 1215 2923 modum
1238 2866 1434 2946 spiffus
1471 2884 1635 2946 atque
1673 2872 1942 2951 confertus
1971 2877 2062 2940 ap-

248 2941 445 3011 paruit
475 2959 494 3008 3
536 2944 622 2999 sed
645 2939 719 3001 65²
743 2944 872 3022 saepe
899 2940 1036 3017 alias
1065 2979 1081 3010 ,
1113 2955 1277 3018 atque
1305 2947 1426 3014 adeo
1454 2947 1858 3023 quotiescunque
1877 2953 1975 3016 per
2001 2938 2062 2997 id

1789 3025 1993 3092 tempu-5
