2373 3340
420 129 492 192 278
644 121 752 178 m:
805 117 1125 177 vizsuvtt
1172 115 1908 187 CONFLAGRATIONE

343 264 464 309 ante
490 249 792 318 eruptiones
822 250 873 302 in
901 248 1056 304 AEtna
1085 249 1214 305 fient
1252 274 1267 307 ε
1325 253 1504 323 postea
1547 253 1933 330 subsequentur
1971 257 2145 331 mugi-

342 340 426 377 tus
458 358 472 384 ,
503 322 552 375 8(
583 323 951 377 cuniculorum
978 360 994 387 ‚
1026 324 1310 392 parietibus
1338 330 1386 379 in
1425 327 1548 381 locis
1588 331 1759 383 minus
1791 332 2142 386 resistentibus

337 396 587 449 diffractis
618 429 633 456 ‚
671 395 938 450 orificium
966 400 1235 466 aperietur
1264 418 1282 466 ‚·
1324 418 1392 454 ex
1422 415 1533 471 quo
1563 416 1730 454 arenae
1757 394 1780 464 ,’
1803 405 1852 457 8(
1880 403 2145 475 fragmen-

337 483 392 523 ta
422 466 646 537 lapidea,
680 469 728 523 8(
760 469 892 523 fumi
923 469 1216 540 ingentibus
1246 473 1537 527 ululatibus
1558 510 1576 538 ,
1607 474 1655 527 8(
1688 478 1934 529 tonitruis
1962 493 2143 533 erum-

337 553 462 613 pent
500 559 518 595 :
569 541 620 594 8(
651 542 862 596 tandem
890 557 1033 596 terra
1060 542 1167 607 jam
1198 547 1480 600 vitrificata
1510 584 1526 610 ,
1566 548 1613 601 8(
1647 549 1695 599 in
1727 546 1955 601 fluorem
1986 551 2139 606 versa

334 631 430 684 per
461 612 698 667 foramen
728 617 1034 685 egredietur
1062 655 1078 683 ,
1109 631 1271 689 atque
1312 636 1406 689 per
1445 620 1555 674 loca
1583 619 1811 675 declivia
1842 636 2097 676 excurret
2126 659 2146 686 ‚

336 689 385 742 &
415 685 480 740 ad
509 689 639 738 aeris
667 688 1000 751 conspectum
1029 695 1324 744 concrescet
1353 728 1368 753 ‚
1407 693 1773 763 duritiemque
1816 696 2024 746 saxeam
2064 712 2150 749 ac-

334 763 515 833 quiret
554 776 572 824 ,·
630 755 927 828 deindeque
965 758 1303 827 diffringetur
1343 767 1391 812 in
1432 766 1661 828 plurima
1702 764 1995 832 fragmenta
2037 768 2146 837 gla-

335 831 479 887 reosa
511 867 525 893 ‚
565 845 683 901 quae
711 831 932 882 ulterius
963 829 1301 898 impellentur
1331 829 1362 884 ὲ
1391 847 1537 884 novo
1567 830 1742 885 fluore
1771 837 2145 904 supervenien-

334 916 390 959 te
419 941 436 970 ‚
465 906 515 957 8(
547 902 610 956 sic
639 901 785 958 facile
814 900 930 956 fieri
968 903 1138 973 potest
1176 940 1196 969 ,
1252 917 1316 957 ut
1345 916 1558 958 torrens
1587 902 1672 955 ille
1703 907 1968 976 glareosus
1998 927 2140 966 cree-

335 989 431 1032 tur
461 1017 474 1032 .

476 1051 752 1104 Hafflenus
782 1050 941 1112 hujus
969 1049 1186 1102 effeetus
1215 1051 1604 1118 poffibilitatcm
1634 1049 1980 1108 indicavimus
2009 1075 2026 1109 ε
2066 1072 2148 1107 re-

331 1121 431 1176 stat
468 1124 631 1176 modo
665 1158 681 1183 ‚
719 1132 782 1173 ut
820 1120 1250 1192 probabilitatem
1278 1125 1390 1191 eJus
1422 1128 1681 1197 exemplis
1709 1162 1727 1192 ‚
1766 1128 1817 1182 8(
1856 1126 2142 1182 rationibus

331 1196 709 1267 confirmemus
740 1232 754 1247 .
1792 1229 1797 1232 -

478 1268 548 1324 Et
580 1272 756 1337 primo
787 1265 936 1344 quod
967 1277 1111 1320 terra
1139 1270 1350 1324 arenosa
1378 1309 1397 1337 ,
1438 1268 1488 1322 8(
1547 1268 1667 1325 {axa
1727 1272 1964 1342 glareosa
2004 1311 2020 1337 ‚
2073 1289 2146 1327 ex

327 1345 527 1416 quibus
558 1353 746 1396 cortex
776 1341 957 1393 AEtnaei
987 1344 1180 1394 montis
1216 1344 1418 1397 constat
1455 1381 1470 1408 ,
1511 1346 1702 1410 poffint
1744 1343 1775 1397 a
1821 1343 2143 1402 ferventiffi·

326 1434 419 1470 mo
457 1415 566 1479 ejus
605 1417 722 1487 igne
760 1413 971 1468 diflblvi
1011 1449 1026 1476 ‚
1083 1415 1132 1468 8(
1165 1415 1424 1489 liquefieri
1453 1415 1520 1470 ad
1551 1418 1706 1471 instar
1737 1419 1932 1471 metalli
1977 1456 1992 1482 ,
2050 1419 2142 1473 vel

327 1492 464 1546 vitri
495 1487 592 1542 fufi
620 1526 634 1552 ‚
664 1488 864 1542 constat
895 1489 1222 1556 experientia
1278 1507 1296 1542 ε
1355 1506 1476 1544 narn
1516 1490 1863 1544 observamus
1901 1492 2054 1562 quod
2094 1495 2145 1544 in

321 1562 535 1615 fornace
565 1559 857 1614 reverberii
886 1559 1137 1626 praediGtae
1166 1576 1334 1613 arenae
1364 1559 1509 1613 facil-3:
1538 1562 1792 1615 fusionem
1835 1576 2149 1630 patiuntur,

321 1635 358 1687 fi
399 1637 460 1687 iis
499 1631 761 1685 addantur
813 1631 971 1702 aliqui
1012 1629 1136 1683 sales
1165 1667 1179 1694 ‚
1218 1645 1279 1684 ut
1319 1633 1627 1687 halinitrum
1656 1671 1672 1698 ,
1702 1647 1965 1689 tartarum
1999 1675 2014 1702 ,
2055 1636 2142 1689 vi·-

319 1706 542 1760 triolum
565 1706 661 1759 ἃς.
693 1704 742 1756 8(
773 1704 872 1757 hoc
900 1705 1098 1772 pariter
1119 1704 1438 1759 observatur
1468 1711 1518 1759 in
1551 1710 1782 1761 vitrariis
1812 1707 2136 1763 fornacibus:

320 1781 357 1833 si
385 1783 525 1833 enim
557 1779 743 1847 glareae
771 1790 1080 1828 marmoreae
1117 1811 1132 1838 ,
1187 1791 1283 1830 aut
1318 1794 1486 1833 arcnae
1524 1778 1724 1853 absque
1754 1777 1937 1834 salium
1966 1779 2131 1832 admi-

321 1854 488 1905 stione
516 1852 567 1903 in
595 1848 891 1902 fornacibus
935 1851 1291 1902 immittantur
1329 1887 1346 1914 ‚
1403 1865 1599 1923 negant
1658 1856 1870 1907 vitrarii
1929 1851 2138 1907 diffolvi

319 1926 523 1993 semper
554 1959 570 1987 ,
598 1936 691 1976 aut
722 1920 868 1974 fundi
899 1921 1043 1991 poste
1066 1939 1084 1974 .·
1121 1934 1176 1973 at
1206 1923 1240 1975 fi
1271 1928 1329 1977 iis
1359 1924 1739 1978 admisceantur
1772 1926 1897 1978 sales
1927 1926 2141 1978 lixivia-

293 1999 392 2063 ‘les
431 2013 500 2049 cx
537 1994 797 2049 cineribus
840 1992 1057 2046 confecli
1088 2029 1103 2052 ‚
1132 1993 1239 2046 εἰτὸ
1270 1999 1318 2047 in
1349 1995 1578 2049 fluorem
1623 2002 1866 2050 vitreum
1907 2010 2138 2051 vertun-

318 2084 410 2124 tur
448 2088 463 2123 :
519 2082 754 2139 cumque
784 2069 831 2116 in
858 2063 1111 2118 cuniculis
1141 2103 1158 2130 ,
1219 2065 1305 2118 seu
1336 2066 1637 2119 fornacibus
1666 2066 1878 2122 AEtnaeis
1909 2068 2132 2138 sulphur

316 2145 365 2196 &
397 2142 524 2194 sales
555 2157 719 2214 quam
747 2138 959 2208 plurimi
991 2141 1326 2207 reperiantur
1355 2175 1369 2201 ‚
1410 2153 1472 2192 ut
1510 2139 1711 2194 dietum
1740 2141 1814 2194 est
1860 2179 1872 2201 ‚
1930 2142 1979 2194 8(
2011 2157 2135 2193 con·

316 2216 416 2269 stat
454 2231 523 2269 ex
563 2229 754 2283 magna
781 2214 928 2279 copia
969 2212 1077 2263 salis
1117 2215 1429 2265 ammoniaci
1460 2249 1475 2275 ‚
1514 2213 1664 2285 quod
1695 2230 1763 2266 ex
1798 2213 1985 2265 fifl'uris
2018 2212 2130 2281 gla-

318 2305 416 2340 reae
445 2288 716 2358 egreditur
755 2321 771 2347 ‚
826 2285 874 2337 &
904 2284 1168 2354 colligitur
1222 2303 1239 2338 ε
1298 2301 1428 2355 ergo
1457 2291 1569 2354 pari
1602 2285 1763 2339 modo
1795 2288 1843 2337 in
1873 2286 2128 2339 cuniculis

314 2360 520 2414 AEtnaeis
551 2374 693 2412 terra
723 2358 934 2410 arenosa
962 2356 1108 2410 fundi
1146 2392 1162 2419 ‚
1198 2359 1246 2412 8(
1291 2358 1565 2412 Vitrificari
1595 2358 1755 2411 debet
1795 2395 1810 2419 ‚
1872 2376 1933 2411 ac
1965 2362 2013 2410 in
2047 2357 2127 2411 vi-

313 2436 474 2485 traria
503 2431 714 2485 fornace
745 2435 995 2502 contingit
1025 2469 1037 2482 .
1078 2431 1142 2485 Id
1172 2432 1338 2501 ipsum
1367 2445 1621 2500 praeterea
1665 2430 2013 2484 confirmatur
2057 2430 2127 2483 ab

314 2508 636 2575 experientia
665 2504 797 2557 faeta
827 2504 1042 2558 Catanae
1093 2523 1109 2558 ε
1167 2506 1238 2559 ibi
1277 2507 1414 2559 enim
1449 2508 1496 2556 in
1529 2505 1741 2556 fornace
1771 2505 1994 2557 vitraria
2034 2519 2132 2572 po-

316 2580 406 2629 fita
435 2577 653 2631 fuerunt
684 2576 805 2630 vasa
839 2578 923 2630 iila
983 2613 999 2639 ‚
1055 2580 1102 2629 in
1134 2580 1333 2651 quibus
1367 2583 1576 2633 vitrum
1606 2580 1765 2648 coqui
1799 2575 1923 2629 {blet
1949 2582 1978 2642 ζ
2005 2592 2125 2647 qua:

313 2648 614 2705 Mortarza
643 2648 865 2703 artifices
898 2658 1131 2716 vocant)
1169 2652 1304 2706 facta
1331 2669 1398 2706 ex
1430 2651 1562 2706 faxis
1591 2650 1836 2722 glareosis
1866 2652 2042 2718 nigri8‚
2071 2647 2125 2701 St

313 2723 622 2794 ferrugineis
658 2724 779 2776 olim
825 2722 890 2774 ab
931 2721 1087 2777 AEtna
1125 2726 1299 2790 ejectis
1338 2761 1355 2789 ,
1396 2726 1445 2779 8(
1489 2724 1598 2778 haec
1638 2723 1704 2776 ab
1743 2724 1875 2793 ignis
1907 2720 2128 2774 fervore

313 2799 458 2866 prius
487 2796 764 2866 liquefacta
795 2795 1013 2848 fuerunt
1040 2834 1055 2860 ,
1097 2815 1262 2870 quam
1293 2815 1460 2852 arenae
1488 2800 1536 2851 in
1572 2801 1643 2853 eis
1672 2806 1927 2850 contentae
1957 2797 2007 2845 in
2041 2797 2126 2848 vi-

313 2883 491 2922 treum
520 2869 747 2923 fluorem
772 2867 1189 2924 dissolverentur
1221 2910 1233 2925 .
1274 2871 1418 2934 Hinc
1459 2874 1640 2925 mirari
1684 2869 1801 2920 licet
1842 2866 2129 2920 inconstan-

312 2946 439 2998 tiam
467 2944 707 3017 Carrerae
734 2979 752 3009 ‚
786 2943 834 2995 8(
861 2949 1203 3012 pertinaciam
1235 2945 1535 3000 multorum
1574 2979 1592 3009 ‚
1644 2942 1739 3014 qui
1782 2954 1976 3011 negant
2019 2940 2132 3011 gla-

1913 3028 2057 3066 ream
