2373 3340
483 126 967 187 ‚CAPUT
1067 119 1735 200 QUARTUM.
1896 138 1969 191 ι79

236 273 383 315 ream
414 257 667 313 fluentem
698 259 764 313 ab
793 257 958 311 AEtnae
986 252 1325 324 voraginibus
1355 252 1492 321 gigni
1523 249 1739 318 potuifle
1769 266 1837 304 ex
1869 266 2048 311 arena,

236 346 332 386 aut
363 349 429 385 ex
461 335 688 406 antiquis
725 333 854 387 {axis
885 329 1092 382 AEtnaeis
1120 344 1136 379 ε
1181 328 1228 379 St
1260 326 1310 377 hi
1345 322 1584 393 profeao
1613 321 1948 389 decipiuntur
1979 322 2049 375 ab

236 405 689 472 hac-experientia
714 425 731 459 ε
761 400 1203 478 quotiescumque
1232 410 1325 452 aut
1358 400 1403 447 in
1435 407 1723 446 torrentem
1753 395 2051 463 glareosum

234 475 496 530 AEtnaeum
536 480 759 549 ignitum
790 515 803 538 ‚
849 470 1200 528 rubicundum
1230 509 1244 535 ‚
1275 471 1324 525 &
1357 465 1663 521 candentem
1698 465 2045 532 projiciuntur

235 564 405 602 arenae
443 588 462 617 ,
523 551 611 604 vel
669 551 788 603 fiixa
831 589 849 616 ,
909 547 1027 598 licet
1068 547 1439 612 cooperiantur
1469 538 1536 590 ab
1566 536 1784 590 ardente
1822 541 2046 591 materia

233 619 394 674 fluida
424 653 442 682 ‚
502 622 673 677 veluti
704 623 733 674 a
765 622 907 676 calce
938 616 1026 670 vel
1058 617 1224 687 gypso
1262 622 1313 669 in
1354 610 1642 682 parietibus
1672 610 1792 663 saxa
1822 616 2051 663 circum-

235 693 433 745 dantur
461 732 476 756 ‚
524 709 626 743 non
658 705 832 746 tamen
867 690 1154 764 liquefiunt
1181 728 1199 753 ,
1250 686 1335 740 sed
1375 697 1643 738 remanent
1685 684 1871 738 ima-sta
1917 676 2051 745 ejus-

234 763 356 818 dem
388 765 569 831 figurae
600 803 615 829 ‚
658 768 704 819 8(
738 764 1068 816 consistentiae
1098 796 1112 821 ‚
1143 777 1307 832 quam
1339 760 1486 826 prius
1518 756 1785 808 habebant
1816 796 1830 810 .

379 836 507 891 Non
541 836 725 890 vident
756 836 808 887 hi
840 834 1095 886 authores
1128 870 1145 896 ‚
1199 832 1348 901 quod
1378 831 1598 881 materia
1629 829 1711 878 illa
1741 828 1911 880 fluens
1949 841 2049 896 per

234 925 449 980 campos
479 921 688 976 apertos
717 905 928 962 minime
975 907 1161 957 retinet
1201 900 1637 958 ferventiffimam
1678 896 1995 954 caliditatem
2035 933 2055 962 ‚

235 998 401 1054 quam
433 985 477 1032 in
510 980 803 1034 fornacibus
831 976 1058 1031 habebat
1092 995 1110 1030 ε
1147 976 1195 1029 8(
1226 969 1444 1042 proinde
1473 986 1573 1022 non
1607 971 1775 1038 potest
1809 971 2053 1036 fundere,

233 1056 282 1107 ἃ
315 1052 627 1125 liquefacere
658 1069 838 1107 arenas
867 1087 884 1113 ‚
940 1053 991 1105 &
1048 1050 1169 1102 {axa
1223 1046 1436 1100 admista
1465 1062 1485 1109 3
1552 1044 1680 1097 ficut
1737 1047 1787 1097 in
1842 1045 2057 1099 fornace

233 1128 452 1180 vitraria
483 1126 720 1179 extraeia
748 1124 906 1177 masta
938 1129 1111 1177 vitrea
1139 1119 1168 1174 ὲ
1209 1120 1418 1173 fornace
1445 1115 1510 1167 ad
1538 1133 1715 1170 aerem
1744 1129 2054 1180 externum,

232 1197 269 1247 fi
297 1198 342 1246 ei
373 1194 683 1245 misceantur
712 1199 820 1246 aliae
848 1207 1104 1245 concretae
1159 1196 1209 1246 &
1271 1188 1470 1256 frigidae
1524 1191 1792 1255 particulae
1821 1193 2005 1242 vitreae
2034 1223 2051 1249 ‚

228 1267 317 1319 vel
348 1262 571 1318 arenosae
602 1300 618 1327 ,
682 1262 785 1317 non
841 1262 1055 1332 pofl'unt
1092 1258 1126 1315 ὲ
1164 1262 1409 1314 fervente
1443 1259 1526 1309 illa
1556 1258 1719 1311 maffa
1747 1259 1956 1314 diflblvi
1997 1262 2049 1313 δ(

228 1337 487 1409 liquefieri
516 1355 536 1403 3
563 1349 845 1407 propterea
895 1335 1045 1408 quod
1090 1335 1382 1408 requiritur
1413 1329 1570 1387 valde
1598 1332 1824 1386 intensus
1853 1332 2054 1404 gradus

225 1409 500 1463 caliditatis
538 1410 882 1480 perseverans
908 1445 923 1472 ,
954 1406 1021 1462 ad
1050 1409 1152 1464 hoc
1180 1421 1243 1462 ut
1273 1422 1458 1466 arena,
1488 1404 1539 1458 8<
1568 1407 1778 1460 vitrum
1807 1405 2052 1469 solidum,

230 1484 280 1537 8(
311 1482 558 1552 frigidum
589 1483 824 1556 liquefiat
852 1500 871 1547 ‚-
900 1483 1049 1554 quod
1077 1483 1343 1536 evincitur
1399 1495 1469 1532 ex
1526 1495 1591 1532 eo
1619 1515 1635 1543 ,
1673 1477 1825 1553 quod
1865 1479 2054 1534 eadem

227 1554 522 1623 fragmenta
551 1553 762 1607 arenosa
791 1591 806 1616 ‚
835 1556 885 1608 δι
916 1559 1091 1607 vitrea
1120 1553 1306 1624 frigida
1336 1587 1351 1614 ‚
1390 1554 1440 1604 St
1473 1551 1628 1604 iblida
1659 1557 1794 1603 intra
1824 1551 2048 1605 eandem

228 1625 496 1679 fornacem
526 1627 744 1680 immista
773 1626 947 1680 subito
976 1626 1258 1698 liquefiunt
1302 1662 1315 1675 .
1356 1624 1530 1694 Igitur
1559 1621 1912 1676 dubitandum
1943 1640 2052 1678 non

229 1697 303 1753 est
333 1695 562 1752 fluorem
595 1701 890 1771 glareosum
918 1704 1157 1772 genitum
1188 1696 1336 1751 fuiffe
1363 1713 1432 1748 ex
1461 1699 1645 1757 areniS,
1675 1697 1726 1750 8<
1756 1692 1888 1765 saxis
1914 1711 2040 1763 con-¹

228 1771 386 1825 tentis
413 1774 546 1824 intra
574 1773 819 1828 ardentes
844 1771 1111 1828 cuniculos
1138 1808 1155 1836 ‚
1183 1771 1270 1824 seu
1300 1767 1533 1822 fornaces
1564 1768 1730 1822 AEtnae
1752 1806 1766 1822 .

375 1842 734 1913 Decipiuntur
765 1849 966 1915 pariter
998 1845 1069 1897 illi
1096 1882 1109 1906 ‚
1140 1846 1234 1917 qui
1263 1842 1469 1896 censent
1498 1846 1804 1908 materiam,
1838 1857 1907 1895 ex
1936 1858 2048 1914 qua

228 1917 462 1988 gignitur
492 1918 668 1989 glarea
698 1917 868 1971 fluens
894 1958 913 1986 ,
943 1917 1044 1972 elie
1072 1916 1387 1971 metallicam
1416 1949 1430 1974 ‚
1491 1929 1561 1968 ex
1590 1931 1655 1967 eo
1693 1914 1843 1986 quod
1873 1914 2050 1969 fundi-

229 2000 322 2040 tur
353 1988 419 2041 ad
448 1991 601 2042 instar
633 1991 976 2044 metallorum
997 2010 1015 2043 ε
1043 1990 1191 2060 quasi
1221 2005 1322 2038 non
1352 1984 1580 2039 adessent
1611 1986 1848 2040 fornaces
1877 1991 2049 2042 vitra-

230 2063 322 2113 riae
346 2095 361 2121 ‚
390 2061 438 2111 in
465 2061 662 2131 quibus
690 2074 833 2113 terra
866 2096 884 2123 ‚
921 2060 972 2112 &
1015 2075 1171 2113 arena
1201 2058 1417 2126 simplex
1447 2060 1495 2110 in
1526 2056 1756 2112 fluorem
1784 2064 2043 2123 vertitur,

227 2146 334 2187 non
363 2133 508 2186 secus
545 2150 604 2186 ac
634 2133 846 2187 metalla
876 2171 890 2185 .
932 2132 1032 2185 Sed
1062 2132 1141 2184 his
1180 2130 1372 2186 omiffis
1401 2130 1808 2185 luculentiffimo
1839 2135 2049 2200 experi-

230 2216 416 2257 mento
456 2207 627 2258 nostra
669 2206 914 2258 sententia
956 2205 1303 2257 confirmatur
1333 2242 1349 2258 .
1406 2203 1554 2256 Intra
1580 2202 1847 2257 fornacem
1883 2205 2046 2258 calca-

229 2278 361 2328 riam
393 2277 425 2328 fi
453 2275 549 2331 diu
581 2280 721 2332 testae
749 2314 764 2340 ‚
796 2279 844 2331 &
875 2279 1110 2330 laterculi
1142 2288 1445 2348 coquantur
1479 2312 1494 2338 ‚
1534 2276 1747 2330 tandem
1777 2282 2048 2348 nigrorem

227 2352 511 2419 acquirunt
540 2387 557 2414 ,
614 2352 663 2405 8<
705 2350 1044 2405 inflectuntur
1084 2362 1144 2402 ut
1184 2365 1303 2402 cera
1330 2384 1347 2412 ‚
1402 2348 1802 2403 commiscentur
1837 2387 1853 2411 ‚
1912 2353 1961 2404 3<
1994 2351 2050 2401 li-

232 2425 489 2490 quescunt
519 2424 585 2476 ad
617 2423 771 2476 instar
802 2426 934 2478 vitri
962 2421 1076 2491 fufi5
1108 2424 1157 2478 δι
1189 2423 1301 2491 post
1335 2421 1781 2493 refrigerationem
1814 2426 2049 2477 vitream

230 2493 607 2548 consistentiam
647 2532 663 2557 ,
694 2499 1039 2568 nigricantem
1077 2533 1092 2559 ,
1122 2499 1169 2549 8(
1210 2510 1428 2564 opacam
1458 2499 1741 2567 acquirunt
1770 2531 1786 2558 ,
1816 2495 2035 2550 omninb

231 2562 443 2617 fimilem
473 2567 779 2637 fragmentis
806 2570 995 2641 glareae
1023 2587 1092 2624 ex
1123 2567 1419 2622 fornacibus
1452 2567 1617 2621 AEtnae
1644 2568 1842 2632 ejeeiis.
1872 2567 2047 2623 Stulte

230 2651 366 2707 ergo
395 2654 710 2710 reputantur
740 2642 976 2697 bitumen
1004 2680 1021 2708 ,
1063 2656 1155 2697 aut
1184 2643 1458 2697 metallum
1500 2641 1831 2695 concrescere
1859 2645 1908 2694 in
1938 2642 2055 2713 gla-

228 2725 375 2764 ream
415 2747 431 2773 ,
458 2714 676 2784 quando
702 2713 892 2770 ibidem
925 2730 1068 2770 terra
1100 2753 1114 2779 ‚
1144 2716 1195 2770 8<
1228 2730 1383 2769 arena
1416 2714 1595 2785 presto
1624 2714 1741 2767 sunt
1768 2751 1787 2781 ,
1824 2728 1944 2788 quae
1970 2713 2046 2767 fa-

227 2781 419 2838 cillime
445 2789 675 2840 vitream
703 2787 1079 2843 consistentiam
1119 2791 1397 2861 acquirere
1427 2786 1639 2857 poffunt
1665 2826 1681 2841 .

380 2858 480 2911 Sed
522 2865 798 2930 negotium
840 2860 1036 2918 faceffi't
1077 2862 1255 2932 aspera
1294 2861 1467 2933 figura
1498 2897 1514 2925 ‚
1562 2863 1612 2916 &
1668 2865 1901 2931 opacitas
1934 2860 2047 2929 gla-

228 2945 331 3001 reae
356 2969 377 3000 ‚
411 2946 533 3005 quae
558 2931 770 2989 minime
801 2937 948 3006 vitro
975 2949 1283 3008 competere
1312 2935 1529 3010 videtur
1566 2972 1587 3004 ,
1638 2935 1798 3010 quod,
1818 2932 2040 3059 qxte1·ne

1853 3020 1975 3062 aeVl·
