2373 3340
401 79 621 134 biberet.
655 72 738 126 Ex
774 68 1072 139 operofiore
1098 68 1401 137 hujusmodi
1437 72 1672 133 editio'he
1708 75 1878 149 1ia'uczi
1921 74 2213 131 admodum

401 148 729 219 exempla-ria
759 142 964 211 prolata
994 140 1114 193 sunt
1139 162 1158 198 ε
1214 145 1265 198 81
1296 155 1474 200 tamen
1520 163 1714 219 praeter
1745 150 2023 214 justiorem
2051 150 2211 203 libelli

406 223 602 277 molem
633 255 647 281 ‚
676 211 1183 286 splendidioremque
1211 219 1661 289 typographicum
1692 233 2045 291 apparatum,
2072 220 2123 274 id
2149 238 2216 275 ea

389 291 669 347 “commodi
709 288 869 343 habet
901 321 917 350 ,
970 286 1120 358 quod
1158 288 1193 340 fi
1218 289 1347 361 quid
1392 291 1609 347 leftores
1653 293 1923 349 offendant
1962 330 1980 358 ,
2037 296 2210 347 minus

406 365 622 437 periculi
656 365 714 416 fit
742 380 758 415 :
787 375 906 413 nam
938 357 1087 413 facile
1122 359 1313 414 latinus
1344 367 1636 420 vernaculo
1665 402 1682 429 ,
1710 366 2045 437 viciffimque
2075 382 2199 421 ver-

404 440 624 491 naculus
664 436 829 489 latino
879 433 1110 486 sermoni
1147 431 1314 488 facem
1356 435 1605 504 praeferre
1646 435 1818 506 potest
1847 477 1860 490 .
1926 438 2200 491 Postremo

409 513 663 582 quoniam
690 519 1042 562 externorum
1072 503 1346 560 hominum
1387 509 1557 563 italice
1587 508 1923 564 nescientium
1955 545 1971 572 ‚
2003 512 2095 581 qui
2126 523 2205 562 ta-

409 599 529 639 men
560 578 848 633 admirandi
880 576 1071 641 hujus,
1107 594 1169 631 ac
1210 578 1322 633 fere
1350 594 1580 636 unorum
1619 581 2098 651 Neapolitanorum
2129 585 2201 633 in-

411 656 604 724 digenae
630 653 956 719 phaenomeni
983 650 1254 704 historiam
1296 654 1609 722 cognoscere
1663 667 1918 723 cuperent
1950 689 1966 717 ‚
2007 651 2200 706 haben·

413 728 479 780 da
520 742 549 777 a
590 723 737 776 nobis
791 722 927 772 ratio
982 722 1271 786 videbatur
1309 759 1328 786 ,
1377 726 1595 780 latinum
1633 741 1854 798 quoque
1892 725 2202 794 exemplum

412 798 639 853 seorsum
669 795 794 848 dare
823 793 1186 847 constituimus
1213 813 1233 862 3
1272 795 1420 866 quod
1450 795 1532 847 hic
1563 831 1576 855 ‚
1608 799 1786 860 leStor,
1816 798 1977 853 habes
2006 837 2019 852 .
2077 796 2203 861 Ejus

415 872 674 941 originem
704 869 920 921 minime
948 870 1230 937 genuinam
1261 869 1409 921 ultro
1438 866 1804 935 prodidimu83
1865 884 1927 922 ut
1984 871 2151 923 fatum
2182 906 2200 932 ‚

414 941 562 1016 quod
594 941 720 995 illud
748 954 960 1010 cunque
1018 935 1314 993 subiturum
1353 940 1411 992 fit
1449 977 1465 1004 ‚
1502 944 1731 1012 aequiore
1786 941 1958 992 animo
1998 944 2198 994 laturos

416 1032 509 1070 nos
546 1012 649 1067 effe
680 1010 1058 1081 profiteremur
1088 1050 1101 1064 .
1129 1012 1263 1066 Haec
1291 1016 1526 1065 maxime
1569 1012 1874 1071 habuimu3‚
1906 1012 1972 1066 de
2000 1013 2194 1084 quibus

409 1101 464 1139 te
492 1126 509 1154 ‚
542 1084 734 1139 Leffilor
766 1083 1033 1136 benevole
1063 1118 1080 1145 ,
1119 1085 1528 1138 admoneremus
1561 1123 1576 1137 .
1615 1083 1704 1136 Tu
1735 1120 1750 1147 ,
1808 1083 2067 1155 quidquid
2094 1083 2197 1139 hoc

403 1175 577 1229 operae
605 1194 623 1225 ,
653 1169 748 1211 aut
778 1151 937 1213 officii
969 1155 1060 1221 est,
1091 1162 1227 1229 aequi
1261 1156 1493 1227 bonique
1527 1156 1738 1222 consule
1762 1191 1778 1220 ,
1818 1158 1866 1211 ὅ(
1900 1158 2021 1214 vale
2051 1194 2066 1210 .
