<?xml version="1.0" encoding="UTF-8"?>
<!DOCTYPE html PUBLIC "-//W3C//DTD XHTML 1.0 Transitional//EN"
    "http://www.w3.org/TR/xhtml1/DTD/xhtml1-transitional.dtd">
<html xmlns="http://www.w3.org/1999/xhtml" xml:lang="en" lang="en">
 <head>
  <title>
</title>
<meta http-equiv="Content-Type" content="text/html;charset=utf-8" />
  <meta name='ocr-system' content='tesseract 3.04.00' />
  <meta name='ocr-capabilities' content='ocr_page ocr_carea ocr_par ocr_line ocrx_word'/>
</head>
<body>
  <div class='ocr_page' id='page_1' title='image "./neapolitanaescie00sera_0019.png"; bbox 0 0 2373 3340; ppageno 0'>
   <div class='ocr_carea' id='block_1_1' title="bbox 602 107 1913 174">
    <p class='ocr_par' dir='ltr' id='par_1_1' title="bbox 602 107 1913 174">
     <span class='ocr_line' id='line_1_1' title="bbox 602 107 1913 174; baseline -0.001 -10"><span class='ocrx_word' id='word_1_1' title='bbox 602 107 1563 167; x_wconf 85' lang='lat' dir='ltr'>PRAEFATIO.</span> <span class='ocrx_word' id='word_1_2' title='bbox 1880 123 1913 174; x_wconf 87' lang='lat'>7</span> 
     </span>
    </p>
   </div>
   <div class='ocr_carea' id='block_1_2' title="bbox 160 235 2013 2457">
    <p class='ocr_par' dir='ltr' id='par_1_2' title="bbox 160 235 2010 2190">
     <span class='ocr_line' id='line_1_2' title="bbox 170 235 1984 319; baseline -0.004 -24"><span class='ocrx_word' id='word_1_3' title='bbox 170 240 368 319; x_wconf 77' lang='lat' dir='ltr'><em>&#39;quasit</em></span> <span class='ocrx_word' id='word_1_4' title='bbox 397 242 483 306; x_wconf 81' lang='lat'><em>(1)</em></span> <span class='ocrx_word' id='word_1_5' title='bbox 511 243 535 302; x_wconf 85' lang='lat'>)</span> <span class='ocrx_word' id='word_1_6' title='bbox 564 256 578 291; x_wconf 90' lang='lat'>:</span> <span class='ocrx_word' id='word_1_7' title='bbox 610 239 823 310; x_wconf 86' lang='lat' dir='ltr'><em>partim</em></span> <span class='ocrx_word' id='word_1_8' title='bbox 852 241 1070 292; x_wconf 70' lang='lat' dir='ltr'><em>vero‘ex·</em></span> <span class='ocrx_word' id='word_1_9' title='bbox 1100 235 1390 290; x_wconf 84' lang='lat' dir='ltr'><em>luculentis</em></span> <span class='ocrx_word' id='word_1_10' title='bbox 1432 248 1592 291; x_wconf 85' lang='lat' dir='ltr'><em>terrae</em></span> <span class='ocrx_word' id='word_1_11' title='bbox 1622 236 1770 310; x_wconf 73' lang='lat' dir='ltr'><em>ipsius</em></span> <span class='ocrx_word' id='word_1_12' title='bbox 1802 254 1984 290; x_wconf 81' lang='lat' dir='ltr'><em>monu-</em></span> 
     </span>
     <span class='ocr_line' id='line_1_3' title="bbox 168 307 1986 383; baseline -0.003 -17"><span class='ocrx_word' id='word_1_13' title='bbox 168 317 360 371; x_wconf 80' lang='lat' dir='ltr'><em>mentis</em></span> <span class='ocrx_word' id='word_1_14' title='bbox 417 347 431 371; x_wconf 91' lang='lat'><strong><em>‚</em></strong></span> <span class='ocrx_word' id='word_1_15' title='bbox 489 321 837 383; x_wconf 76' lang='lat' dir='ltr'><em>veterumque</em></span> <span class='ocrx_word' id='word_1_16' title='bbox 876 307 1209 382; x_wconf 68' lang='lat' dir='ltr'><em>Scriptorum</em></span> <span class='ocrx_word' id='word_1_17' title='bbox 1249 307 1555 378; x_wconf 72' lang='lat' dir='ltr'><em>testimoniis</em></span> <span class='ocrx_word' id='word_1_18' title='bbox 1586 323 1748 362; x_wconf 79' lang='lat' dir='ltr'><em>extra</em></span> <span class='ocrx_word' id='word_1_19' title='bbox 1782 325 1986 362; x_wconf 84' lang='lat' dir='ltr'><em>omnem</em></span> 
     </span>
     <span class='ocr_line' id='line_1_4' title="bbox 168 373 1996 455; baseline -0.005 -13"><span class='ocrx_word' id='word_1_20' title='bbox 168 384 527 442; x_wconf 83' lang='lat' dir='ltr'><em>dubitationis</em></span> <span class='ocrx_word' id='word_1_21' title='bbox 559 381 730 434; x_wconf 90' lang='lat' dir='ltr'><em>aleam</em></span> <span class='ocrx_word' id='word_1_22' title='bbox 754 373 1076 455; x_wconf 72' lang='lat' dir='ltr'><em>pcfitaesunt</em></span> <span class='ocrx_word' id='word_1_23' title='bbox 1121 397 1139 445; x_wconf 70' lang='grc' dir='ltr'><em>ς</em></span> <span class='ocrx_word' id='word_1_24' title='bbox 1171 379 1415 451; x_wconf 69' lang='lat' dir='ltr'><em>quamvis</em></span> <span class='ocrx_word' id='word_1_25' title='bbox 1444 397 1633 435; x_wconf 76' lang='lat' dir='ltr'><em>revera</em></span> <span class='ocrx_word' id='word_1_26' title='bbox 1664 380 1882 432; x_wconf 87' lang='lat' dir='ltr'><em>nullum</em></span> <span class='ocrx_word' id='word_1_27' title='bbox 1918 396 1996 433; x_wconf 60' lang='lat' dir='ltr'><em>eie.</em></span> 
     </span>
     <span class='ocr_line' id='line_1_5' title="bbox 171 449 1985 527; baseline -0.005 -16"><span class='ocrx_word' id='word_1_28' title='bbox 171 461 237 512; x_wconf 85' lang='lat' dir='ltr'><em>iis</em></span> <span class='ocrx_word' id='word_1_29' title='bbox 268 454 447 526; x_wconf 90' lang='lat' dir='ltr'><em>nostra</em></span> <span class='ocrx_word' id='word_1_30' title='bbox 465 493 476 513; x_wconf 91' lang='lat'>‚</span> <span class='ocrx_word' id='word_1_31' title='bbox 501 464 828 527; x_wconf 78' lang='lat' dir='ltr'><em>patrumque</em></span> <span class='ocrx_word' id='word_1_32' title='bbox 857 450 1153 523; x_wconf 86' lang='lat' dir='ltr'><em>nostrorum</em></span> <span class='ocrx_word' id='word_1_33' title='bbox 1180 463 1343 506; x_wconf 84' lang='lat' dir='ltr'><em>aetate</em></span> <span class='ocrx_word' id='word_1_34' title='bbox 1371 451 1672 505; x_wconf 86' lang='lat' dir='ltr'><em>incendium</em></span> <span class='ocrx_word' id='word_1_35' title='bbox 1700 449 1985 520; x_wconf 74' lang='lat' dir='ltr'><em>exarserit.</em></span> 
     </span>
     <span class='ocr_line' id='line_1_6' title="bbox 173 520 1991 602; baseline -0.007 -19"><span class='ocrx_word' id='word_1_36' title='bbox 173 531 239 583; x_wconf 89' lang='lat' dir='ltr'><em>In</em></span> <span class='ocrx_word' id='word_1_37' title='bbox 280 545 439 599; x_wconf 76' lang='lat' dir='ltr'><em>(suam</em></span> <span class='ocrx_word' id='word_1_38' title='bbox 461 523 669 602; x_wconf 82' lang='lat' dir='ltr'><em>scilicet</em></span> <span class='ocrx_word' id='word_1_39' title='bbox 700 520 906 595; x_wconf 70' lang='lat' dir='ltr'><em>claffi’m</em></span> <span class='ocrx_word' id='word_1_40' title='bbox 934 523 1297 577; x_wconf 80' lang='lat' dir='ltr'><em>Puteolanum</em></span> <span class='ocrx_word' id='word_1_41' title='bbox 1325 539 1520 592; x_wconf 80' lang='lat' dir='ltr'><em>agrum</em></span> <span class='ocrx_word' id='word_1_42' title='bbox 1547 558 1562 586; x_wconf 91' lang='lat'>‚</span> <span class='ocrx_word' id='word_1_43' title='bbox 1595 521 1991 591; x_wconf 70' lang='lat' dir='ltr'><em>AEnariamque</em></span> 
     </span>
     <span class='ocr_line' id='line_1_7' title="bbox 165 590 1991 673; baseline -0.006 -19"><span class='ocrx_word' id='word_1_44' title='bbox 165 599 399 673; x_wconf 82' lang='lat' dir='ltr'><em>insulam</em></span> <span class='ocrx_word' id='word_1_45' title='bbox 444 594 648 670; x_wconf 81' lang='lat' dir='ltr'><em>referre</em></span> <span class='ocrx_word' id='word_1_46' title='bbox 677 598 912 650; x_wconf 87' lang='lat' dir='ltr'><em>omnium</em></span> <span class='ocrx_word' id='word_1_47' title='bbox 941 591 1250 668; x_wconf 73' lang='lat' dir='ltr'><em>confi’nsz&#39;one</em></span> <span class='ocrx_word' id='word_1_48' title='bbox 1281 593 1543 669; x_wconf 67' lang='lat' dir='ltr'><em>poffitmus</em></span> <span class='ocrx_word' id='word_1_49' title='bbox 1575 613 1592 661; x_wconf 78' lang='lat'><em>‚-</em></span> <span class='ocrx_word' id='word_1_50' title='bbox 1623 613 1732 665; x_wconf 79' lang='lat' dir='ltr'><em>quae</em></span> <span class='ocrx_word' id='word_1_51' title='bbox 1750 590 1991 667; x_wconf 67' lang='lat' dir='ltr'><em>profeiio</em></span> 
     </span>
     <span class='ocr_line' id='line_1_8' title="bbox 164 664 1988 742; baseline -0.005 -15"><span class='ocrx_word' id='word_1_52' title='bbox 164 672 279 727; x_wconf 90' lang='lat' dir='ltr'><em>loca</em></span> <span class='ocrx_word' id='word_1_53' title='bbox 309 671 734 741; x_wconf 85' lang='lat' dir='ltr'><em>Neapolitanum</em></span> <span class='ocrx_word' id='word_1_54' title='bbox 757 664 928 741; x_wconf 85' lang='lat' dir='ltr'><em>solum</em></span> <span class='ocrx_word' id='word_1_55' title='bbox 948 669 1192 742; x_wconf 74' lang='lat' dir='ltr'><em>proxime</em></span> <span class='ocrx_word' id='word_1_56' title='bbox 1219 672 1544 740; x_wconf 79' lang='lat' dir='ltr'><em>contingunt</em></span> <span class='ocrx_word' id='word_1_57' title='bbox 1576 706 1589 720; x_wconf 89' lang='lat'>.</span> <span class='ocrx_word' id='word_1_58' title='bbox 1618 666 1886 739; x_wconf 80' lang='lat' dir='ltr'><em>Siquidem</em></span> <span class='ocrx_word' id='word_1_59' title='bbox 1925 665 1988 717; x_wconf 78' lang='lat' dir='ltr'><em>in</em></span> 
     </span>
     <span class='ocr_line' id='line_1_9' title="bbox 169 734 1997 815; baseline -0.008 -14"><span class='ocrx_word' id='word_1_60' title='bbox 169 744 466 801; x_wconf 86' lang='lat' dir='ltr'><em>Puteolano</em></span> <span class='ocrx_word' id='word_1_61' title='bbox 494 737 687 796; x_wconf 62' lang='lat' dir='ltr'><em>traffiu</em></span> <span class='ocrx_word' id='word_1_62' title='bbox 704 777 719 803; x_wconf 92' lang='lat'>‚</span> <span class='ocrx_word' id='word_1_63' title='bbox 751 752 952 812; x_wconf 85' lang='lat' dir='ltr'><em>praeter</em></span> <span class='ocrx_word' id='word_1_64' title='bbox 982 736 1264 808; x_wconf 75' lang='lat' dir='ltr'><em>mirificam</em></span> <span class='ocrx_word' id='word_1_65' title='bbox 1293 756 1561 815; x_wconf 81' lang='lat' dir='ltr'><em>aquarum</em></span> <span class='ocrx_word' id='word_1_66' title='bbox 1581 734 1997 810; x_wconf 56' lang='lat' dir='ltr'><em>ferventissima-</em></span> 
     </span>
     <span class='ocr_line' id='line_1_10' title="bbox 167 808 1993 886; baseline -0.007 -15"><span class='ocrx_word' id='word_1_67' title='bbox 167 834 293 871; x_wconf 87' lang='lat' dir='ltr'><em>rum</em></span> <span class='ocrx_word' id='word_1_68' title='bbox 321 831 348 867; x_wconf 85' lang='lat' dir='ltr'><em>e</em></span> <span class='ocrx_word' id='word_1_69' title='bbox 376 826 533 869; x_wconf 89' lang='lat' dir='ltr'><em>terra</em></span> <span class='ocrx_word' id='word_1_70' title='bbox 564 812 910 868; x_wconf 70' lang='lat' dir='ltr'><em>manantium</em></span> <span class='ocrx_word' id='word_1_71' title='bbox 943 810 1277 884; x_wconf 82' lang='lat' dir='ltr'><em>affluentiam</em></span> <span class='ocrx_word' id='word_1_72' title='bbox 1306 848 1320 874; x_wconf 92' lang='lat'>‚</span> <span class='ocrx_word' id='word_1_73' title='bbox 1339 823 1643 886; x_wconf 80' lang='lat' dir='ltr'><em>praeterque</em></span> <span class='ocrx_word' id='word_1_74' title='bbox 1674 812 1869 865; x_wconf 68' lang='lat' dir='ltr'><em>nativa</em></span> <span class='ocrx_word' id='word_1_75' title='bbox 1902 808 1993 875; x_wconf 82' lang='lat' dir='ltr'><em>hy-</em></span> 
     </span>
     <span class='ocr_line' id='line_1_11' title="bbox 160 879 1995 965; baseline -0.007 -23"><span class='ocrx_word' id='word_1_76' title='bbox 160 885 404 965; x_wconf 85' lang='lat' dir='ltr'><em>pocausta</em></span> <span class='ocrx_word' id='word_1_77' title='bbox 437 923 453 950; x_wconf 87' lang='lat'>‚</span> <span class='ocrx_word' id='word_1_78' title='bbox 511 880 841 961; x_wconf 80' lang='lat' dir='ltr'><em>ipsorumque</em></span> <span class='ocrx_word' id='word_1_79' title='bbox 883 883 1327 955; x_wconf 83' lang='lat' dir='ltr'><em>combustibilium</em></span> <span class='ocrx_word' id='word_1_80' title='bbox 1367 882 1715 935; x_wconf 87' lang='lat' dir='ltr'><em>mineralium</em></span> <span class='ocrx_word' id='word_1_81' title='bbox 1746 879 1995 952; x_wconf 56' lang='lat' dir='ltr'><em>insignem</em></span> 
     </span>
     <span class='ocr_line' id='line_1_12' title="bbox 160 949 1997 1036; baseline -0.006 -22"><span class='ocrx_word' id='word_1_82' title='bbox 160 970 517 1036; x_wconf 76' lang='lat' dir='ltr'><em>proventum,</em></span> <span class='ocrx_word' id='word_1_83' title='bbox 547 957 768 1011; x_wconf 88' lang='lat' dir='ltr'><em>Montes</em></span> <span class='ocrx_word' id='word_1_84' title='bbox 797 965 1094 1010; x_wconf 84' lang='lat' dir='ltr'><em>occurrunt</em></span> <span class='ocrx_word' id='word_1_85' title='bbox 1123 955 1391 1009; x_wconf 83' lang='lat' dir='ltr'><em>cacumine</em></span> <span class='ocrx_word' id='word_1_86' title='bbox 1419 954 1626 1008; x_wconf 88' lang='lat' dir='ltr'><em>minuti</em></span> <span class='ocrx_word' id='word_1_87' title='bbox 1658 988 1670 1013; x_wconf 92' lang='lat'>‚</span> <span class='ocrx_word' id='word_1_88' title='bbox 1728 963 1890 1024; x_wconf 79' lang='lat' dir='ltr'><em>atque</em></span> <span class='ocrx_word' id='word_1_89' title='bbox 1921 949 1997 1003; x_wconf 81' lang='lat' dir='ltr'><em>ad</em></span> 
     </span>
     <span class='ocr_line' id='line_1_13' title="bbox 170 1021 1991 1105; baseline -0.007 -17"><span class='ocrx_word' id='word_1_90' title='bbox 170 1031 582 1105; x_wconf 78' lang='lat' dir='ltr'><em>Amphitheatri</em></span> <span class='ocrx_word' id='word_1_91' title='bbox 610 1024 882 1102; x_wconf 83' lang='lat' dir='ltr'><em>cujusdam</em></span> <span class='ocrx_word' id='word_1_92' title='bbox 911 1038 1096 1102; x_wconf 84' lang='lat' dir='ltr'><em>typum</em></span> <span class='ocrx_word' id='word_1_93' title='bbox 1123 1023 1357 1081; x_wconf 63' lang='lat' dir='ltr'><em>redafft&#39;i:</em></span> <span class='ocrx_word' id='word_1_94' title='bbox 1386 1042 1549 1096; x_wconf 74' lang='lat' dir='ltr'><em>quam</em></span> <span class='ocrx_word' id='word_1_95' title='bbox 1586 1037 1729 1081; x_wconf 89' lang='lat' dir='ltr'><em>certe</em></span> <span class='ocrx_word' id='word_1_96' title='bbox 1745 1021 1991 1099; x_wconf 84' lang='lat' dir='ltr'><em>formam</em></span> 
     </span>
     <span class='ocr_line' id='line_1_14' title="bbox 169 1093 1993 1174; baseline -0.005 -14"><span class='ocrx_word' id='word_1_97' title='bbox 169 1101 383 1171; x_wconf 79' lang='lat' dir='ltr'><em>nonnisi</em></span> <span class='ocrx_word' id='word_1_98' title='bbox 432 1105 493 1158; x_wconf 76' lang='lat' dir='ltr'><em>vi</em></span> <span class='ocrx_word' id='word_1_99' title='bbox 526 1098 807 1174; x_wconf 48' lang='lat' dir='ltr'><em>saevientis</em></span> <span class='ocrx_word' id='word_1_100' title='bbox 836 1100 896 1154; x_wconf 88' lang='lat' dir='ltr'><em>in</em></span> <span class='ocrx_word' id='word_1_101' title='bbox 924 1117 1002 1153; x_wconf 79' lang='lat' dir='ltr'><em>eos</em></span> <span class='ocrx_word' id='word_1_102' title='bbox 1033 1099 1171 1171; x_wconf 71' lang='lat' dir='ltr'><em>ignis</em></span> <span class='ocrx_word' id='word_1_103' title='bbox 1201 1095 1481 1172; x_wconf 80' lang='lat' dir='ltr'><em>affumfiffi‘</em></span> <span class='ocrx_word' id='word_1_104' title='bbox 1560 1098 1760 1152; x_wconf 80' lang='lat' dir='ltr'><em>utandi</em></span> <span class='ocrx_word' id='word_1_105' title='bbox 1797 1093 1940 1171; x_wconf 89' lang='lat' dir='ltr'><em>sunt</em></span> <span class='ocrx_word' id='word_1_106' title='bbox 1973 1114 1993 1162; x_wconf 77' lang='grc' dir='ltr'><strong><em>ς</em></strong></span> 
     </span>
     <span class='ocr_line' id='line_1_15' title="bbox 169 1167 1997 1249; baseline -0.003 -22"><span class='ocrx_word' id='word_1_107' title='bbox 169 1176 412 1249; x_wconf 75' lang='lat' dir='ltr'><em>quamvis</em></span> <span class='ocrx_word' id='word_1_108' title='bbox 443 1174 666 1225; x_wconf 81' lang='lat' dir='ltr'><em>nullum</em></span> <span class='ocrx_word' id='word_1_109' title='bbox 695 1171 922 1242; x_wconf 83' lang='lat' dir='ltr'><em>amplius</em></span> <span class='ocrx_word' id='word_1_110' title='bbox 950 1173 1009 1224; x_wconf 89' lang='lat' dir='ltr'><em>in</em></span> <span class='ocrx_word' id='word_1_111' title='bbox 1054 1170 1318 1241; x_wconf 53' lang='lat' dir='ltr'><em>plerisque</em></span> <span class='ocrx_word' id='word_1_112' title='bbox 1375 1188 1439 1224; x_wconf 88' lang='lat' dir='ltr'><em>ne</em></span> <span class='ocrx_word' id='word_1_113' title='bbox 1522 1167 1742 1241; x_wconf 68' lang='lat' dir='ltr'><em>eviffi&#39;mi</em></span> <span class='ocrx_word' id='word_1_114' title='bbox 1783 1169 1997 1242; x_wconf 80' lang='lat' dir='ltr'><em>quidem</em></span> 
     </span>
     <span class='ocr_line' id='line_1_16' title="bbox 167 1237 1994 1316; baseline -0.005 -16"><span class='ocrx_word' id='word_1_115' title='bbox 167 1245 358 1301; x_wconf 88' lang='lat' dir='ltr'><em>caloris</em></span> <span class='ocrx_word' id='word_1_116' title='bbox 397 1243 653 1297; x_wconf 76' lang='lat' dir='ltr'><em>indiciam</em></span> <span class='ocrx_word' id='word_1_117' title='bbox 667 1237 825 1315; x_wconf 87' lang='lat' dir='ltr'><em>forte</em></span> <span class='ocrx_word' id='word_1_118' title='bbox 864 1237 1096 1313; x_wconf 69' lang='lat' dir='ltr'><em>supeifit</em></span> <span class='ocrx_word' id='word_1_119' title='bbox 1137 1245 1248 1304; x_wconf 87' lang='lat'><em>(2)</em></span> <span class='ocrx_word' id='word_1_120' title='bbox 1276 1277 1290 1291; x_wconf 88' lang='lat'><strong>.</strong></span> <span class='ocrx_word' id='word_1_121' title='bbox 1348 1238 1630 1315; x_wconf 56' lang='lat' dir='ltr'><em>Ejusmodi</em></span> <span class='ocrx_word' id='word_1_122' title='bbox 1671 1238 1814 1316; x_wconf 87' lang='lat' dir='ltr'><em>sunt</em></span> <span class='ocrx_word' id='word_1_123' title='bbox 1847 1254 1994 1293; x_wconf 78' lang='lat' dir='ltr'><em>mons</em></span> 
     </span>
     <span class='ocr_line' id='line_1_17' title="bbox 170 1312 2001 1388; baseline -0.003 -19"><span class='ocrx_word' id='word_1_124' title='bbox 170 1319 394 1372; x_wconf 82' lang='lat' dir='ltr'>Gaurus</span> <span class='ocrx_word' id='word_1_125' title='bbox 424 1351 438 1375; x_wconf 86' lang='lat'><strong>‚</strong></span> <span class='ocrx_word' id='word_1_126' title='bbox 481 1313 667 1370; x_wconf 82' lang='lat' dir='ltr'><em>accolis</em></span> <span class='ocrx_word' id='word_1_127' title='bbox 706 1312 971 1367; x_wconf 82' lang='lat' dir='ltr'><em>Barbarus</em></span> <span class='ocrx_word' id='word_1_128' title='bbox 1011 1312 1355 1388; x_wconf 70' lang='lat' dir='ltr'><em>appellatus-,-</em></span> <span class='ocrx_word' id='word_1_129' title='bbox 1416 1314 1549 1367; x_wconf 88' lang='lat' dir='ltr'><em>item</em></span> <span class='ocrx_word' id='word_1_130' title='bbox 1587 1314 1797 1369; x_wconf 88' lang='lat' dir='ltr'><em>Leborii</em></span> <span class='ocrx_word' id='word_1_131' title='bbox 1830 1312 2001 1384; x_wconf 85' lang='lat' dir='ltr'><em>campi</em></span> 
     </span>
     <span class='ocr_line' id='line_1_18' title="bbox 170 1379 2008 1460; baseline -0.004 -17"><span class='ocrx_word' id='word_1_132' title='bbox 170 1389 369 1443; x_wconf 82' lang='lat' dir='ltr'><em>Graecis</em></span> <span class='ocrx_word' id='word_1_133' title='bbox 398 1388 653 1457; x_wconf 81' lang='lat' dir='ltr'><em>Phlegraei</em></span> <span class='ocrx_word' id='word_1_134' title='bbox 684 1382 817 1439; x_wconf 67' lang='lat' dir='ltr'><em>diiii·</em></span> <span class='ocrx_word' id='word_1_135' title='bbox 844 1421 862 1448; x_wconf 90' lang='lat'>,</span> <span class='ocrx_word' id='word_1_136' title='bbox 916 1379 989 1440; x_wconf 55' lang='grc' dir='ltr'>ὃ</span> <span class='ocrx_word' id='word_1_137' title='bbox 1046 1382 1214 1460; x_wconf 73' lang='lat' dir='ltr'><em>ipsum</em></span> <span class='ocrx_word' id='word_1_138' title='bbox 1258 1404 1378 1441; x_wconf 86' lang='lat' dir='ltr'><em>cum</em></span> <span class='ocrx_word' id='word_1_139' title='bbox 1411 1388 1607 1458; x_wconf 80' lang='lat' dir='ltr'><em>primis</em></span> <span class='ocrx_word' id='word_1_140' title='bbox 1641 1387 1867 1439; x_wconf 84' lang='lat' dir='ltr'><em>Vulcani</em></span> <span class='ocrx_word' id='word_1_141' title='bbox 1898 1384 2008 1436; x_wconf 86' lang='lat' dir='ltr'><em>Fo-</em></span> 
     </span>
     <span class='ocr_line' id='line_1_19' title="bbox 173 1457 2004 1534; baseline -0.003 -20"><span class='ocrx_word' id='word_1_142' title='bbox 173 1479 297 1515; x_wconf 86' lang='lat' dir='ltr'><em>rum</em></span> <span class='ocrx_word' id='word_1_143' title='bbox 333 1467 444 1527; x_wconf 84' lang='lat'><em>(3)</em></span> <span class='ocrx_word' id='word_1_144' title='bbox 483 1476 581 1533; x_wconf 77' lang='lat' dir='ltr'><em>quo</em></span> <span class='ocrx_word' id='word_1_145' title='bbox 603 1457 818 1534; x_wconf 87' lang='lat' dir='ltr'><em>scilicet</em></span> <span class='ocrx_word' id='word_1_146' title='bbox 859 1459 1064 1513; x_wconf 88' lang='lat' dir='ltr'><em>nomine</em></span> <span class='ocrx_word' id='word_1_147' title='bbox 1094 1457 1238 1532; x_wconf 82' lang='lat' dir='ltr'><em>apad</em></span> <span class='ocrx_word' id='word_1_148' title='bbox 1288 1476 1365 1513; x_wconf 83' lang='lat' dir='ltr'><em>eos</em></span> <span class='ocrx_word' id='word_1_149' title='bbox 1404 1458 1830 1531; x_wconf 71' lang='lat' dir='ltr'><em>fignfficabatur</em></span> <span class='ocrx_word' id='word_1_150' title='bbox 1859 1473 2004 1512; x_wconf 70' lang='lat' dir='ltr'><em>mons</em></span> 
     </span>
     <span class='ocr_line' id='line_1_20' title="bbox 175 1530 2007 1608; baseline -0.003 -21"><span class='ocrx_word' id='word_1_151' title='bbox 175 1534 272 1588; x_wconf 81' lang='lat' dir='ltr'><em>ille</em></span> <span class='ocrx_word' id='word_1_152' title='bbox 301 1570 316 1597; x_wconf 90' lang='lat'>‚</span> <span class='ocrx_word' id='word_1_153' title='bbox 357 1534 458 1608; x_wconf 78' lang='lat' dir='ltr'><em>fi&#39;u</em></span> <span class='ocrx_word' id='word_1_154' title='bbox 479 1534 662 1607; x_wconf 86' lang='lat' dir='ltr'><em>potius</em></span> <span class='ocrx_word' id='word_1_155' title='bbox 693 1532 890 1586; x_wconf 85' lang='lat' dir='ltr'><em>montis</em></span> <span class='ocrx_word' id='word_1_156' title='bbox 932 1534 1105 1586; x_wconf 85' lang='lat' dir='ltr'><em>ruinae</em></span> <span class='ocrx_word' id='word_1_157' title='bbox 1134 1570 1149 1592; x_wconf 88' lang='lat'>‚</span> <span class='ocrx_word' id='word_1_158' title='bbox 1181 1548 1331 1603; x_wconf 84' lang='lat' dir='ltr'><em>quem</em></span> <span class='ocrx_word' id='word_1_159' title='bbox 1362 1534 1678 1587; x_wconf 69' lang='lat' dir='ltr'><em>Sulfataram</em></span> <span class='ocrx_word' id='word_1_160' title='bbox 1706 1530 2007 1588; x_wconf 72' lang='lat' dir='ltr'><em>vernacula</em></span> 
     </span>
     <span class='ocr_line' id='line_1_21' title="bbox 176 1599 2006 1678; baseline -0.004 -18"><span class='ocrx_word' id='word_1_161' title='bbox 176 1607 368 1678; x_wconf 80' lang='lat' dir='ltr'><em>lingua</em></span> <span class='ocrx_word' id='word_1_162' title='bbox 398 1606 619 1660; x_wconf 75' lang='lat' dir='ltr'><em>dicimus</em></span> <span class='ocrx_word' id='word_1_163' title='bbox 677 1642 691 1655; x_wconf 90' lang='lat'><strong>.</strong></span> <span class='ocrx_word' id='word_1_164' title='bbox 749 1602 851 1673; x_wconf 86' lang='lat' dir='ltr'><em>Est</em></span> <span class='ocrx_word' id='word_1_165' title='bbox 891 1599 963 1658; x_wconf 57' lang='grc' dir='ltr'>ὃ</span> <span class='ocrx_word' id='word_1_166' title='bbox 1003 1605 1165 1657; x_wconf 89' lang='lat' dir='ltr'><em>Mons</em></span> <span class='ocrx_word' id='word_1_167' title='bbox 1196 1604 1511 1674; x_wconf 77' lang='lat' dir='ltr'><em>percelebris</em></span> <span class='ocrx_word' id='word_1_168' title='bbox 1542 1604 1742 1672; x_wconf 76' lang='lat' dir='ltr'><em>adsitus</em></span> <span class='ocrx_word' id='word_1_169' title='bbox 1784 1605 2006 1657; x_wconf 72' lang='lat' dir='ltr'><em>Averno</em></span> 
     </span>
     <span class='ocr_line' id='line_1_22' title="bbox 175 1673 2003 1749; baseline -0.004 -17"><span class='ocrx_word' id='word_1_170' title='bbox 175 1680 322 1732; x_wconf 86' lang='lat' dir='ltr'><em>lacui</em></span> <span class='ocrx_word' id='word_1_171' title='bbox 352 1713 367 1740; x_wconf 91' lang='lat'>‚</span> <span class='ocrx_word' id='word_1_172' title='bbox 404 1680 463 1731; x_wconf 91' lang='lat' dir='ltr'><em>in</em></span> <span class='ocrx_word' id='word_1_173' title='bbox 491 1693 641 1749; x_wconf 87' lang='lat' dir='ltr'><em>quem</em></span> <span class='ocrx_word' id='word_1_174' title='bbox 668 1678 835 1730; x_wconf 87' lang='lat' dir='ltr'><em>etiam</em></span> <span class='ocrx_word' id='word_1_175' title='bbox 865 1691 931 1728; x_wconf 66' lang='lat' dir='ltr'><em>ex*</em></span> <span class='ocrx_word' id='word_1_176' title='bbox 949 1685 1113 1747; x_wconf 91' lang='lat' dir='ltr'><em>parte</em></span> <span class='ocrx_word' id='word_1_177' title='bbox 1141 1677 1415 1737; x_wconf 80' lang='lat' dir='ltr'><em>excurrit,</em></span> <span class='ocrx_word' id='word_1_178' title='bbox 1445 1677 1649 1732; x_wconf 86' lang='lat' dir='ltr'><em>Novus</em></span> <span class='ocrx_word' id='word_1_179' title='bbox 1681 1673 2003 1749; x_wconf 84' lang='lat' dir='ltr'><em>appellatus,</em></span> 
     </span>
     <span class='ocr_line' id='line_1_23' title="bbox 176 1744 2001 1826; baseline -0.003 -22"><span class='ocrx_word' id='word_1_180' title='bbox 176 1753 270 1826; x_wconf 80' lang='lat' dir='ltr'><em>qui</em></span> <span class='ocrx_word' id='word_1_181' title='bbox 302 1766 442 1804; x_wconf 91' lang='lat' dir='ltr'><em>anno</em></span> <span class='ocrx_word' id='word_1_182' title='bbox 491 1752 623 1814; x_wconf 84' lang='lat'>1538</span> <span class='ocrx_word' id='word_1_183' title='bbox 674 1747 787 1822; x_wconf 90' lang='lat' dir='ltr'><em>post</em></span> <span class='ocrx_word' id='word_1_184' title='bbox 827 1744 1082 1816; x_wconf 82' lang='lat' dir='ltr'><em>subitam</em></span> <span class='ocrx_word' id='word_1_185' title='bbox 1123 1744 1580 1822; x_wconf 72' lang='lat' dir='ltr'><em>vehementemque</em></span> <span class='ocrx_word' id='word_1_186' title='bbox 1635 1751 1848 1820; x_wconf 80' lang='lat' dir='ltr'><em>ignium</em></span> <span class='ocrx_word' id='word_1_187' title='bbox 1877 1764 2001 1800; x_wconf 82' lang='lat' dir='ltr'><em>cru-</em></span> 
     </span>
     <span class='ocr_line' id='line_1_24' title="bbox 165 1815 2007 1900; baseline -0.004 -22"><span class='ocrx_word' id='word_1_188' title='bbox 165 1825 407 1900; x_wconf 86' lang='lat' dir='ltr'><em>ptionem</em></span> <span class='ocrx_word' id='word_1_189' title='bbox 430 1819 575 1890; x_wconf 72' lang='lat' dir='ltr'><em>,five</em></span> <span class='ocrx_word' id='word_1_190' title='bbox 600 1820 986 1895; x_wconf 80' lang='lat' dir='ltr'><em>intumescente</em></span> <span class='ocrx_word' id='word_1_191' title='bbox 1000 1818 1115 1897; x_wconf 64' lang='lat' dir='ltr'><em>stilo</em></span> <span class='ocrx_word' id='word_1_192' title='bbox 1145 1815 1721 1895; x_wconf 77' lang='lat' dir='ltr'><em>‚flammisquesubter</em></span> <span class='ocrx_word' id='word_1_193' title='bbox 1750 1820 2007 1874; x_wconf 87' lang='lat' dir='ltr'><em>enitenti-</em></span> 
     </span>
     <span class='ocr_line' id='line_1_25' title="bbox 177 1889 2010 1968; baseline -0.003 -19"><span class='ocrx_word' id='word_1_194' title='bbox 177 1895 275 1952; x_wconf 81' lang='lat' dir='ltr'><em>bus</em></span> <span class='ocrx_word' id='word_1_195' title='bbox 297 1930 313 1956; x_wconf 90' lang='lat'>,</span> <span class='ocrx_word' id='word_1_196' title='bbox 351 1896 662 1965; x_wconf 76' lang='lat' dir='ltr'><em>exitumque</em></span> <span class='ocrx_word' id='word_1_197' title='bbox 692 1890 1070 1968; x_wconf 69' lang='lat' dir='ltr'><em>ff²ciantibus</em></span> <span class='ocrx_word' id='word_1_198' title='bbox 1099 1889 1402 1967; x_wconf 84' lang='lat' dir='ltr'><em>obsequente</em></span> <span class='ocrx_word' id='word_1_199' title='bbox 1443 1912 1462 1960; x_wconf 83' lang='lat'><em>‚-</em></span> <span class='ocrx_word' id='word_1_200' title='bbox 1501 1895 1622 1966; x_wconf 70' lang='lat' dir='ltr'><em>five</em></span> <span class='ocrx_word' id='word_1_201' title='bbox 1676 1910 1741 1945; x_wconf 75' lang='lat' dir='ltr'><em>exv</em></span> <span class='ocrx_word' id='word_1_202' title='bbox 1772 1894 1963 1948; x_wconf 81' lang='lat' dir='ltr'><em>cineris</em></span> <span class='ocrx_word' id='word_1_203' title='bbox 1993 1928 2010 1951; x_wconf 94' lang='lat'>‚</span> 
     </span>
     <span class='ocr_line' id='line_1_26' title="bbox 179 1961 2007 2041; baseline -0.003 -18"><span class='ocrx_word' id='word_1_204' title='bbox 179 1968 516 2041; x_wconf 83' lang='lat' dir='ltr'><em>lapidumque</em></span> <span class='ocrx_word' id='word_1_205' title='bbox 532 1964 751 2041; x_wconf 73' lang='lat' dir='ltr'><em>sursum</em></span> <span class='ocrx_word' id='word_1_206' title='bbox 789 1965 1188 2040; x_wconf 86' lang='lat' dir='ltr'><em>ejaculatorum</em></span> <span class='ocrx_word' id='word_1_207' title='bbox 1218 1999 1233 2023; x_wconf 86' lang='lat'>‚</span> <span class='ocrx_word' id='word_1_208' title='bbox 1275 1961 1597 2040; x_wconf 79' lang='lat' dir='ltr'><em>rursumque</em></span> <span class='ocrx_word' id='word_1_209' title='bbox 1651 1964 2007 2020; x_wconf 73' lang='lat' dir='ltr'><em>recidentium</em></span> 
     </span>
     <span class='ocr_line' id='line_1_27' title="bbox 183 2030 2009 2117; baseline -0.001 -23"><span class='ocrx_word' id='word_1_210' title='bbox 183 2055 377 2094; x_wconf 73' lang='lat' dir='ltr'><em>acervo</em></span> <span class='ocrx_word' id='word_1_211' title='bbox 404 2075 422 2102; x_wconf 89' lang='lat'>‚</span> <span class='ocrx_word' id='word_1_212' title='bbox 451 2053 664 2117; x_wconf 85' lang='lat' dir='ltr'><em>repente</em></span> <span class='ocrx_word' id='word_1_213' title='bbox 692 2041 922 2094; x_wconf 84' lang='lat' dir='ltr'><em>eminuit</em></span> <span class='ocrx_word' id='word_1_214' title='bbox 954 2046 979 2104; x_wconf 69' lang='grc' dir='ltr'><em>ζ</em></span> <span class='ocrx_word' id='word_1_215' title='bbox 994 2042 1067 2104; x_wconf 84' lang='grc'><em>4)</em></span> <span class='ocrx_word' id='word_1_216' title='bbox 1107 2072 1124 2100; x_wconf 87' lang='grc'>,</span> <span class='ocrx_word' id='word_1_217' title='bbox 1182 2030 1253 2090; x_wconf 59' lang='lat'><em>63</em></span> <span class='ocrx_word' id='word_1_218' title='bbox 1282 2039 1570 2112; x_wconf 82' lang='lat' dir='ltr'><em>antiquam</em></span> <span class='ocrx_word' id='word_1_219' title='bbox 1601 2038 1896 2112; x_wconf 83' lang='lat' dir='ltr'><em>planitiem</em></span> <span class='ocrx_word' id='word_1_220' title='bbox 1925 2040 2009 2092; x_wconf 85' lang='lat' dir='ltr'><em>in·-</em></span> 
     </span>
     <span class='ocr_line' id='line_1_28' title="bbox 172 2111 365 2190; baseline -0.005 -25"><span class='ocrx_word' id='word_1_221' title='bbox 172 2111 328 2190; x_wconf 81' lang='lat' dir='ltr'><em>sedit·</em></span> <span class='ocrx_word' id='word_1_222' title='bbox 352 2150 365 2164; x_wconf 91' lang='lat'><strong>.</strong></span> 
     </span>
    </p>

    <p class='ocr_par' dir='ltr' id='par_1_3' title="bbox 174 2179 2013 2408">
     <span class='ocr_line' id='line_1_29' title="bbox 332 2179 2012 2260; baseline -0.003 -18"><span class='ocrx_word' id='word_1_223' title='bbox 332 2179 572 2260; x_wconf 86' lang='lat' dir='ltr'><em>Rursum</em></span> <span class='ocrx_word' id='word_1_224' title='bbox 600 2183 847 2240; x_wconf 84' lang='lat' dir='ltr'><em>AEnariae</em></span> <span class='ocrx_word' id='word_1_225' title='bbox 875 2180 1061 2257; x_wconf 86' lang='lat' dir='ltr'><em>insulae</em></span> <span class='ocrx_word' id='word_1_226' title='bbox 1086 2182 1261 2236; x_wconf 87' lang='lat' dir='ltr'><em>eadem</em></span> <span class='ocrx_word' id='word_1_227' title='bbox 1280 2192 1501 2256; x_wconf 82' lang='lat' dir='ltr'><em>prorsus</em></span> <span class='ocrx_word' id='word_1_228' title='bbox 1530 2183 1760 2239; x_wconf 86' lang='lat' dir='ltr'><em>conditio</em></span> <span class='ocrx_word' id='word_1_229' title='bbox 1788 2182 1885 2255; x_wconf 75' lang='lat' dir='ltr'><em>cst:</em></span> <span class='ocrx_word' id='word_1_230' title='bbox 1918 2196 2012 2237; x_wconf 90' lang='lat' dir='ltr'><em>ut-</em></span> 
     </span>
     <span class='ocr_line' id='line_1_30' title="bbox 174 2258 2009 2337; baseline -0.002 -24"><span class='ocrx_word' id='word_1_231' title='bbox 174 2268 300 2337; x_wconf 86' lang='lat' dir='ltr'><em>pote</em></span> <span class='ocrx_word' id='word_1_232' title='bbox 327 2259 414 2312; x_wconf 85' lang='lat' dir='ltr'><em>cui</em></span> <span class='ocrx_word' id='word_1_233' title='bbox 442 2274 602 2332; x_wconf 80' lang='lat' dir='ltr'><em>neque</em></span> <span class='ocrx_word' id='word_1_234' title='bbox 630 2258 987 2312; x_wconf 79' lang='lat' dir='ltr'><em>thermalium</em></span> <span class='ocrx_word' id='word_1_235' title='bbox 1019 2271 1290 2328; x_wconf 78' lang='lat' dir='ltr'><em>aquarum</em></span> <span class='ocrx_word' id='word_1_236' title='bbox 1317 2292 1331 2318; x_wconf 90' lang='lat'>‚</span> <span class='ocrx_word' id='word_1_237' title='bbox 1377 2274 1540 2329; x_wconf 79' lang='lat' dir='ltr'><em>neque</em></span> <span class='ocrx_word' id='word_1_238' title='bbox 1569 2260 2009 2330; x_wconf 61' lang='lat' dir='ltr'><em>vaporarioritm,</em></span> 
     </span>
     <span class='ocr_line' id='line_1_31' title="bbox 186 2326 2013 2408; baseline -0.003 -18"><span class='ocrx_word' id='word_1_239' title='bbox 186 2347 351 2407; x_wconf 81' lang='lat' dir='ltr'><em>neque</em></span> <span class='ocrx_word' id='word_1_240' title='bbox 376 2326 605 2408; x_wconf 71' lang='lat' dir='ltr'><em>ipfiirum</em></span> <span class='ocrx_word' id='word_1_241' title='bbox 635 2329 985 2386; x_wconf 81' lang='lat' dir='ltr'><em>mineralium</em></span> <span class='ocrx_word' id='word_1_242' title='bbox 1013 2330 1156 2404; x_wconf 88' lang='lat' dir='ltr'><em>copia</em></span> <span class='ocrx_word' id='word_1_243' title='bbox 1188 2328 1320 2401; x_wconf 69' lang='lat' dir='ltr'><em>deest</em></span> <span class='ocrx_word' id='word_1_244' title='bbox 1346 2346 1366 2382; x_wconf 83' lang='grc'><em>.-</em></span> <span class='ocrx_word' id='word_1_245' title='bbox 1406 2347 1618 2406; x_wconf 80' lang='lat' dir='ltr'><em>quaeque</em></span> <span class='ocrx_word' id='word_1_246' title='bbox 1643 2329 1856 2405; x_wconf 74' lang='lat' dir='ltr'><em>insuper</em></span> <span class='ocrx_word' id='word_1_247' title='bbox 1885 2369 1901 2394; x_wconf 86' lang='lat'><strong><em>,</em></strong></span> <span class='ocrx_word' id='word_1_248' title='bbox 1945 2328 2013 2384; x_wconf 83' lang='lat' dir='ltr'><em>ab</em></span> 
     </span>
    </p>

    <p class='ocr_par' dir='ltr' id='par_1_4' title="bbox 1887 2419 1947 2457">
     <span class='ocr_line' id='line_1_32' title="bbox 1887 2419 1947 2457; baseline -0.033 0"><span class='ocrx_word' id='word_1_249' title='bbox 1887 2419 1947 2457; x_wconf 81' lang='lat' dir='ltr'><em>re</em></span> 
     </span>
    </p>
   </div>
   <div class='ocr_carea' id='block_1_3' title="bbox 188 2546 2024 3073">
    <p class='ocr_par' dir='ltr' id='par_1_5' title="bbox 188 2546 2019 2782">
     <span class='ocr_line' id='line_1_33' title="bbox 247 2546 2019 2610; baseline -0.003 -12"><span class='ocrx_word' id='word_1_250' title='bbox 247 2555 267 2607; x_wconf 89' lang='lat'>(</span> <span class='ocrx_word' id='word_1_251' title='bbox 291 2567 308 2598; x_wconf 89' lang='lat'>1</span> <span class='ocrx_word' id='word_1_252' title='bbox 330 2553 350 2605; x_wconf 89' lang='lat'>)</span> <span class='ocrx_word' id='word_1_253' title='bbox 405 2551 487 2598; x_wconf 89' lang='lat' dir='ltr'><em>Sed</em></span> <span class='ocrx_word' id='word_1_254' title='bbox 508 2551 600 2596; x_wconf 86' lang='lat' dir='ltr'><em>fieri</em></span> <span class='ocrx_word' id='word_1_255' title='bbox 625 2550 758 2594; x_wconf 83' lang='lat' dir='ltr'><em>etiam</em></span> <span class='ocrx_word' id='word_1_256' title='bbox 777 2547 922 2604; x_wconf 89' lang='lat' dir='ltr'><em>potest</em></span> <span class='ocrx_word' id='word_1_257' title='bbox 939 2578 953 2600; x_wconf 89' lang='lat'>‚</span> <span class='ocrx_word' id='word_1_258' title='bbox 996 2558 1046 2593; x_wconf 92' lang='lat' dir='ltr'><em>ut</em></span> <span class='ocrx_word' id='word_1_259' title='bbox 1069 2546 1095 2592; x_wconf 92' lang='lat' dir='ltr'><em>ii</em></span> <span class='ocrx_word' id='word_1_260' title='bbox 1119 2548 1292 2605; x_wconf 84' lang='lat' dir='ltr'><em>lapides</em></span> <span class='ocrx_word' id='word_1_261' title='bbox 1307 2579 1319 2599; x_wconf 88' lang='lat'><em>,</em></span> <span class='ocrx_word' id='word_1_262' title='bbox 1345 2550 1451 2595; x_wconf 87' lang='lat' dir='ltr'><em>cinis</em></span> <span class='ocrx_word' id='word_1_263' title='bbox 1473 2579 1486 2600; x_wconf 89' lang='lat'><strong>‚</strong></span> <span class='ocrx_word' id='word_1_264' title='bbox 1508 2562 1748 2610; x_wconf 85' lang='lat' dir='ltr'><em>ceteraeque</em></span> <span class='ocrx_word' id='word_1_265' title='bbox 1765 2549 2019 2597; x_wconf 76' lang='lat' dir='ltr'><em>combusta=</em></span> 
     </span>
     <span class='ocr_line' id='line_1_34' title="bbox 189 2605 2014 2666; baseline -0.003 -10"><span class='ocrx_word' id='word_1_266' title='bbox 189 2625 290 2657; x_wconf 78' lang='lat' dir='ltr'><em>rum</em></span> <span class='ocrx_word' id='word_1_267' title='bbox 310 2624 471 2666; x_wconf 15' lang='lat' dir='ltr'><em>&amp;rerum</em></span> <span class='ocrx_word' id='word_1_268' title='bbox 510 2608 702 2662; x_wconf 81' lang='lat' dir='ltr'><em>reliquiae</em></span> <span class='ocrx_word' id='word_1_269' title='bbox 723 2636 735 2658; x_wconf 92' lang='lat'>,</span> <span class='ocrx_word' id='word_1_270' title='bbox 763 2620 863 2662; x_wconf 75' lang='lat' dir='ltr'><em>qua:</em></span> <span class='ocrx_word' id='word_1_271' title='bbox 899 2609 944 2652; x_wconf 92' lang='lat' dir='ltr'><em>in</em></span> <span class='ocrx_word' id='word_1_272' title='bbox 975 2605 1080 2650; x_wconf 88' lang='lat' dir='ltr'><em>locis</em></span> <span class='ocrx_word' id='word_1_273' title='bbox 1120 2606 1353 2663; x_wconf 73' lang='lat' dir='ltr'><em>designatis</em></span> <span class='ocrx_word' id='word_1_274' title='bbox 1373 2623 1603 2654; x_wconf 82' lang='lat' dir='ltr'><em>occurrere</em></span> <span class='ocrx_word' id='word_1_275' title='bbox 1622 2612 1766 2655; x_wconf 86' lang='lat' dir='ltr'><em>solent</em></span> <span class='ocrx_word' id='word_1_276' title='bbox 1788 2638 1801 2659; x_wconf 88' lang='lat'>,</span> <span class='ocrx_word' id='word_1_277' title='bbox 1820 2608 1873 2651; x_wconf 84' lang='lat' dir='ltr'><em>ab</em></span> <span class='ocrx_word' id='word_1_278' title='bbox 1897 2607 2014 2662; x_wconf 49' lang='lat' dir='ltr'><em>ipso„</em></span> 
     </span>
     <span class='ocr_line' id='line_1_35' title="bbox 190 2662 2017 2719; baseline -0.001 -8"><span class='ocrx_word' id='word_1_279' title='bbox 190 2679 284 2712; x_wconf 77' lang='lat' dir='ltr'><em>met</em></span> <span class='ocrx_word' id='word_1_280' title='bbox 306 2665 505 2714; x_wconf 83' lang='lat' dir='ltr'><em>Vesuvio</em></span> <span class='ocrx_word' id='word_1_281' title='bbox 523 2694 536 2714; x_wconf 86' lang='lat'>‚</span> <span class='ocrx_word' id='word_1_282' title='bbox 558 2666 647 2709; x_wconf 78' lang='lat' dir='ltr'><em>slve</em></span> <span class='ocrx_word' id='word_1_283' title='bbox 667 2664 720 2707; x_wconf 84' lang='lat' dir='ltr'><em>ab</em></span> <span class='ocrx_word' id='word_1_284' title='bbox 743 2664 836 2708; x_wconf 86' lang='lat' dir='ltr'><em>aliis</em></span> <span class='ocrx_word' id='word_1_285' title='bbox 857 2662 1088 2709; x_wconf 83' lang='lat' dir='ltr'><em>Puteolani</em></span> <span class='ocrx_word' id='word_1_286' title='bbox 1108 2665 1199 2719; x_wconf 85' lang='lat' dir='ltr'><em>agri</em></span> <span class='ocrx_word' id='word_1_287' title='bbox 1221 2665 1408 2711; x_wconf 86' lang='lat' dir='ltr'><em>vetustis</em></span> <span class='ocrx_word' id='word_1_288' title='bbox 1426 2665 1642 2713; x_wconf 77' lang='lat' dir='ltr'><em>Vulcanis</em></span> <span class='ocrx_word' id='word_1_289' title='bbox 1664 2668 1710 2713; x_wconf 88' lang='lat' dir='ltr'><em>in</em></span> <span class='ocrx_word' id='word_1_290' title='bbox 1731 2665 1847 2714; x_wconf 78' lang='lat' dir='ltr'><em>hunc</em></span> <span class='ocrx_word' id='word_1_291' title='bbox 1869 2665 2017 2710; x_wconf 83' lang='lat' dir='ltr'><em>locum</em></span> 
     </span>
     <span class='ocr_line' id='line_1_36' title="bbox 188 2720 881 2782; baseline -0.007 -13"><span class='ocrx_word' id='word_1_292' title='bbox 188 2724 399 2782; x_wconf 63' lang='lat' dir='ltr'><em>projeeiae</em></span> <span class='ocrx_word' id='word_1_293' title='bbox 421 2721 661 2778; x_wconf 81' lang='lat' dir='ltr'><em>aliquando</em></span> <span class='ocrx_word' id='word_1_294' title='bbox 684 2720 851 2767; x_wconf 84' lang='lat' dir='ltr'><em>fuerint</em></span> <span class='ocrx_word' id='word_1_295' title='bbox 869 2752 881 2764; x_wconf 89' lang='lat'><strong>.</strong></span> 
     </span>
    </p>

    <p class='ocr_par' dir='ltr' id='par_1_6' title="bbox 244 2774 1633 2838">
     <span class='ocr_line' id='line_1_37' title="bbox 244 2774 1633 2838; baseline -0.001 -11"><span class='ocrx_word' id='word_1_296' title='bbox 244 2785 265 2837; x_wconf 88' lang='lat'>(</span> <span class='ocrx_word' id='word_1_297' title='bbox 284 2800 306 2829; x_wconf 87' lang='lat'><em>2</em></span> <span class='ocrx_word' id='word_1_298' title='bbox 328 2781 347 2834; x_wconf 95' lang='lat'>)</span> <span class='ocrx_word' id='word_1_299' title='bbox 404 2780 678 2835; x_wconf 72' lang='lat' dir='ltr'><em>peregrinius</em></span> <span class='ocrx_word' id='word_1_300' title='bbox 703 2777 756 2822; x_wconf 88' lang='lat' dir='ltr'><em>de</em></span> <span class='ocrx_word' id='word_1_301' title='bbox 772 2777 1017 2834; x_wconf 81' lang='lat' dir='ltr'><em>Campania</em></span> <span class='ocrx_word' id='word_1_302' title='bbox 1038 2774 1295 2834; x_wconf 54' lang='lat' dir='ltr'><em>dissertata.</em></span> <span class='ocrx_word' id='word_1_303' title='bbox 1314 2781 1633 2838; x_wconf 54' lang='lat' dir='ltr'><em>cap.17.18-›19.</em></span> 
     </span>
    </p>

    <p class='ocr_par' dir='ltr' id='par_1_7' title="bbox 189 2833 2024 3009">
     <span class='ocr_line' id='line_1_38' title="bbox 248 2833 2019 2895; baseline -0.01 -4"><span class='ocrx_word' id='word_1_304' title='bbox 248 2842 268 2893; x_wconf 94' lang='lat'>(</span> <span class='ocrx_word' id='word_1_305' title='bbox 286 2854 303 2895; x_wconf 70' lang='grc' dir='ltr'>Ξ</span> <span class='ocrx_word' id='word_1_306' title='bbox 325 2840 343 2890; x_wconf 93' lang='grc'>)</span> <span class='ocrx_word' id='word_1_307' title='bbox 401 2839 545 2886; x_wconf 82' lang='lat' dir='ltr'><strong>strab.</strong></span> <span class='ocrx_word' id='word_1_308' title='bbox 565 2837 906 2892; x_wconf 68' lang='lat' dir='ltr'><em>lib-5·Pag·377.</em></span> <span class='ocrx_word' id='word_1_309' title='bbox 924 2838 1089 2882; x_wconf 85' lang='lat' dir='ltr'><em>Forum</em></span> <span class='ocrx_word' id='word_1_310' title='bbox 1110 2835 1304 2882; x_wconf 84' lang='lat' dir='ltr'><em>Vulcani</em></span> <span class='ocrx_word' id='word_1_311' title='bbox 1325 2864 1339 2885; x_wconf 87' lang='lat'>‚</span> <span class='ocrx_word' id='word_1_312' title='bbox 1372 2837 1935 2895; x_wconf 49' lang='lat' dir='ltr'><em>Campuscircumquaque</em></span> <span class='ocrx_word' id='word_1_313' title='bbox 1952 2833 2019 2878; x_wconf 49' lang='lat' dir='ltr'><em>ins,</em></span> 
     </span>
     <span class='ocr_line' id='line_1_39' title="bbox 189 2892 2024 2954; baseline -0.002 -11"><span class='ocrx_word' id='word_1_314' title='bbox 189 2896 338 2943; x_wconf 85' lang='lat' dir='ltr'><em>clusus</em></span> <span class='ocrx_word' id='word_1_315' title='bbox 360 2893 595 2954; x_wconf 75' lang='lat' dir='ltr'><em>superciliis</em></span> <span class='ocrx_word' id='word_1_316' title='bbox 617 2892 767 2949; x_wconf 84' lang='lat' dir='ltr'><em>ignitis</em></span> <span class='ocrx_word' id='word_1_317' title='bbox 784 2919 797 2941; x_wconf 71' lang='lat'><em>2</em></span> <span class='ocrx_word' id='word_1_318' title='bbox 835 2904 935 2948; x_wconf 85' lang='lat' dir='ltr'><em>quae</em></span> <span class='ocrx_word' id='word_1_319' title='bbox 955 2892 1106 2952; x_wconf 83' lang='lat' dir='ltr'><em>pasfim</em></span> <span class='ocrx_word' id='word_1_320' title='bbox 1129 2903 1339 2950; x_wconf 78' lang='lat' dir='ltr'><em>tanquam</em></span> <span class='ocrx_word' id='word_1_321' title='bbox 1359 2907 1382 2937; x_wconf 88' lang='lat' dir='ltr'><em>e</em></span> <span class='ocrx_word' id='word_1_322' title='bbox 1405 2894 1581 2940; x_wconf 81' lang='lat' dir='ltr'><em>caminis</em></span> <span class='ocrx_word' id='word_1_323' title='bbox 1603 2895 1851 2953; x_wconf 70' lang='lat' dir='ltr'><em>incendium</em></span> <span class='ocrx_word' id='word_1_324' title='bbox 1867 2906 2024 2946; x_wconf 78' lang='lat' dir='ltr'><em>magno</em></span> 
     </span>
     <span class='ocr_line' id='line_1_40' title="bbox 193 2952 766 3009; baseline -0.007 -12"><span class='ocrx_word' id='word_1_325' title='bbox 193 2968 298 2999; x_wconf 80' lang='lat' dir='ltr'><em>cum</em></span> <span class='ocrx_word' id='word_1_326' title='bbox 318 2952 505 3002; x_wconf 82' lang='lat' dir='ltr'><em>fremitu</em></span> <span class='ocrx_word' id='word_1_327' title='bbox 527 2952 732 3009; x_wconf 82' lang='lat' dir='ltr'><em>expirant</em></span> <span class='ocrx_word' id='word_1_328' title='bbox 754 2981 766 2993; x_wconf 90' lang='lat'><strong>.</strong></span> 
     </span>
    </p>

    <p class='ocr_par' dir='ltr' id='par_1_8' title="bbox 259 3005 1555 3073">
     <span class='ocr_line' id='line_1_41' title="bbox 259 3005 1555 3073; baseline -0.002 -13"><span class='ocrx_word' id='word_1_329' title='bbox 259 3014 350 3068; x_wconf 82' lang='lat'><em>(4)</em></span> <span class='ocrx_word' id='word_1_330' title='bbox 407 3008 662 3060; x_wconf 79' lang='lat' dir='ltr'><em>Sanfelicius</em></span> <span class='ocrx_word' id='word_1_331' title='bbox 681 3005 730 3054; x_wconf 83' lang='lat' dir='ltr'><em>de</em></span> <span class='ocrx_word' id='word_1_332' title='bbox 751 3006 932 3068; x_wconf 79' lang='lat' dir='ltr'><em>Origine</em></span> <span class='ocrx_word' id='word_1_333' title='bbox 953 3007 1107 3072; x_wconf 70' lang='lat' dir='ltr'><em>&amp;suu</em></span> <span class='ocrx_word' id='word_1_334' title='bbox 1125 3007 1359 3071; x_wconf 76' lang='lat' dir='ltr'><em>Campani-e</em></span> <span class='ocrx_word' id='word_1_335' title='bbox 1378 3018 1555 3073; x_wconf 55' lang='lat' dir='ltr'><em>pagan</em></span> 
     </span>
    </p>
   </div>
  </div>
 </body>
</html>
