2373 3340
564 105 1528 190 PRAEFATIO·
1844 143 1905 184 ιι

173 268 315 323 neris
343 301 357 327 ,
386 267 807 335 arenarumque.
832 260 932 317 Ex
959 262 1106 317 hocce
1134 271 1312 315 monte
1340 261 1414 313 ad
1437 259 1704 315 meridiem
1720 255 1866 326 fito,
1895 253 1981 310 cui

162 336 455 414 peculiaris
483 332 649 407 vulgo
689 334 909 390 Vesuvii·
963 331 1247 406 appellatio
1286 332 1580 387 attributa
1607 331 1679 404 est
1705 351 1723 398 3
1754 330 1985 383 maxime

175 421 357 462 autem
386 423 449 460 ex
480 405 590 477 ejus
606 401 853 482 supremo
881 408 1086 460 vertice
1112 403 1249 477 ignis
1264 400 1585 480 frequenter
1613 404 1847 473 erumpit
1870 442 1886 468 ,
1916 392 1989 453 65²

158 476 281 557 sere
295 476 709 554 fl’mperfumus
737 518 750 532 .
808 479 1015 533 Vertex
1041 477 1189 533 alter
1217 478 1292 532 ad
1335 477 1737 550 eptemtrionem
1758 472 1950 548 prditus
1972 504 1989 532 .

172 551 409 620 celsitate
439 552 643 625 quidem
671 550 843 606 alteri
863 546 1060 624 suppar
1088 587 1104 614 ‚
1160 561 1265 623 apu
1326 565 1415 604 nos
1447 548 1608 602 Mons
1635 546 1863 600 Summa:
1894 559 1988 596 au-

173 625 258 680 dit
281 644 299 692 3
335 642 494 699 quam
517 620 722 695 [bilicet
748 622 1153 696 appellationem
1181 636 1284 678 aut
1315 621 1638 694 impertitur
1666 618 1762 672 ille
1804 656 1820 681 ‚
1887 624 1993 668 aut

171 710 318 754 certe
350 691 684 769 nanciscitur
713 694 783 749 ab
807 694 984 770 oppido
1008 698 1307 770 cognomine
1335 692 1489 748 haud
1509 690 1845 766 infrequenti
1875 728 1890 747 2
1929 683 1994 738 Ob

168 772 309 824 aeris
334 765 727 843 salubritatem
752 808 769 835 ‚
795 765 1185 843 fruiiuumque
1202 766 1574 843 praestantiam
1603 758 1959 833 laudatiffimo
1973 777 1994 824 ς

173 842 314 915 quod
338 839 573 915 oppidum
601 841 751 895 inter
780 842 1037 895 orientem
1063 877 1079 904 ‚
1114 836 1188 895 ἔθ’
1208 839 1647 913 st’ptemtrionem
1674 836 1871 888 montis
1902 844 1995 885 ra-

173 914 374 969 dicibus
402 910 588 980 insidet
617 949 630 963 .
658 911 759 966 Sed
784 929 888 968 non
916 910 1005 964 abs
1043 929 1103 966 re
1114 908 1302 987 fuerit
1331 910 1606 964 admonere
1635 943 1648 969 ‚
1680 904 1995 981 quotidiano

179 985 507 1051 nostratium
545 982 788 1058 firmone
811 980 942 1058 saepe
981 984 1174 1038 borum
1203 983 1476 1038 nominum
1503 977 1783 1053 discrimen
1806 974 1996 1050 susque

177 1058 336 1132 deque
363 1056 551 1112 baberi
587 1075 604 1111 ε
662 1074 788 1113 nam
815 1052 890 1113 ἐξ
924 1052 1092 1131 ipsam
1120 1057 1452 1129 ignivomum
1482 1064 1713 1108 montem
1754 1066 2000 1106 nonnun-

177 1148 339 1204 quam
369 1130 570 1183 Montis
599 1131 827 1187 Summa:
854 1129 1206 1200 appellatione
1243 1127 1535 1200 indigitari
1564 1143 1581 1191 ς
1641 1119 1713 1178 &²
1752 1122 1998 1194 antiquis

177 1200 542 1272 scriptoribus
572 1199 829 1251 Montem
856 1203 1000 1251 hunc
1040 1197 1251 1263 nonnist
1295 1215 1406 1251 una
1446 1192 1668 1265 Vesuvii
1697 1197 1998 1249 denomina-

182 1273 328 1328 tione
355 1265 830 1342 innotuiffe,fiitis
858 1267 1058 1340 constat
1088 1274 1177 1334 (ι)
1198 1307 1212 1320 .
1241 1266 1298 1322 E
1302 1283 1341 1319 x
1368 1263 1696 1321 adumbrata
1726 1267 1824 1318 hac
1853 1280 1998 1318 mon-

183 1345 258 1400 tis
287 1343 635 1396 delineatione
662 1342 972 1416 intelligere
998 1341 1126 1396 licet
1156 1379 1172 1406 ‚
1200 1338 1420 1415 Vesuvii
1448 1339 1674 1402 radices,
1688 1336 1805 1406 sive
1831 1339 1998 1391 imam

180 1413 736 1489 regionemstngulari
763 1452 777 1477 ‚
817 1415 1178 1483 continuaque
1205 1410 1390 1470 orbita
1419 1412 1690 1467 contineri
1717 1429 1736 1465 τ
1784 1426 1850 1463 ex·
1887 1408 2001 1481 ejus

181 1506 309 1546 vero
337 1487 658 1543 altitudinis
699 1486 823 1564 fere
850 1488 1014 1541 medio
1052 1487 1217 1541 illum
1252 1490 1312 1543 in
1351 1484 1606 1559 duplicem
1643 1484 1902 1540 verticem
1917 1479 2002 1557 fl'·

179 1561 351 1619 cedere
378 1579 398 1627 3
427 1557 618 1629 ouofit
647 1600 665 1627 ,
695 1573 764 1615 ut
792 1555 1084 1628 Vesuvium
1112 1561 1318 1614 eminus
1347 1556 1717 1619 intuentibus,
1745 1555 2002 1627 congemi-

182 1634 313 1759 Zati
342 1635 535 1687 montis
546 1628 737 1707 species
764 1631 1090 1686 exhibeatur
1115 1667 1133 1696 ‚
1193 1633 1295 1687 uni
1322 1667 1339 1696 ‚
1393 1629 1757 1702 communique
1785 1625 1901 1695 bast
1917 1628 2006 1681 im

221 1706 463 1759 aerentis.
1715 1746 1717 1749 ,

330 1778 532 1832 Verum
559 1779 802 1851 quamvis
841 1790 901 1830 ea
919 1771 1005 1845 stt
1045 1775 1106 1830 in
1132 1770 1545 1851 praesentiarum
1574 1767 1795 1850 Vesuvii
1821 1770 2004 1844 consti-

182 1851 333 1906 tutio
390 1886 406 1912 ,
473 1851 625 1905 baud
654 1864 836 1907 tamen
866 1847 1194 1917 verosimile
1232 1848 1302 1920 est
1327 1847 1541 1901 eandem
1562 1842 1780 1917 prorsus
1805 1842 2004 1922 faciem

177 1924 440 1999 primitus
468 1941 586 1978 eum
607 1936 718 2001 prae
741 1922 794 1998 fi·
821 1922 939 1978 tuli
982 1939 1008 1974 e
1063 1940 1080 1977 ε
1138 1921 1212 1975 ad
1233 1936 1396 1995 quam
1433 1936 1550 1973 rem
1588 1915 2005 1987 confirmandam

173 1993 323 2072 satis
361 1993 482 2068 fft
510 1998 571 2051 in
608 2014 691 2050 eas
730 2000 1056 2050 mutationes
1093 1989 1166 2048 Εἴ
1194 1987 1621 2063 metamorph-ests
1652 1990 1894 2045 animum
1922 1991 2007 2045 in-

190 2067 404 2123 tendere
442 2103 459 2132 ,
515 2085 626 2140 quae
674 2079 906 2141 patrum
942 2064 1244 2138 nostrorum
1280 2063 1530 2118 memoria
1569 2061 1644 2114 ad
1673 2061 1767 2115 hoe
1804 2074 2008 2137 tempus

1208 2137 1251 2192 B
1302 2156 1338 2192 2
1771 2130 1934 2210 Vesu-

243 2241 334 2296 (1)
391 2242 510 2306 Qin
547 2246 590 2289 &
627 2243 739 2289 illud
762 2243 1007 2290 verosimile
1030 2240 1166 2287 videri
1197 2238 1327 2297 poffit
1349 2270 1361 2287 ,
1399 2239 1646 2296 antiquitus
1679 2236 1928 2294 quempiam
1951 2250 2006 2285 ex

188 2299 442 2363 Ptiteolanis
468 2301 679 2346 Vulcanis
702 2301 885 2348 Vesuvii
905 2299 1243 2358 appellationem
1281 2298 1458 2342 nablum
1500 2297 1585 2342 effe
1610 2295 1878 2352 Striptorum
1914 2309 2005 2338 ma·

188 2371 307 2402 xxme
330 2356 592 2418 negligentia
610 2387 622 2407 ‚
645 2358 904 2415 errandique
922 2358 1205 2415 proclivitate
1223 2390 1234 2400 .
1267 2354 1355 2400 Cui
1376 2355 1574 2411 opinioni
1592 2356 1620 2401 st
1641 2352 1763 2397 locus
1785 2351 1895 2410 apud
1917 2354 2005 2396 Lu-

189 2414 316 2457 cretii
335 2424 598 2470 interpretes
620 2414 673 2460 fit
695 2445 707 2466 ‚
742 2420 829 2468 jam
862 2414 1008 2461 versus
1042 2414 1104 2458 illi
1139 2428 1193 2459 ex
1228 2413 1328 2458 libr.
1345 2427 1418 2458 vt.
1449 2408 1797 2457 commodiorem
1818 2439 1831 2460 ‚
1872 2422 2004 2464 quam

192 2470 328 2527 usque
344 2469 486 2516 adhuc
507 2499 521 2520 ‚
541 2472 892 2528 explanationem
912 2469 1170 2530 suscipient:

412 2527 563 2588 Qalis
595 2527 708 2586 apud
733 2533 875 2575 Cumas
905 2531 1013 2575 locus
1043 2527 1094 2584 eft
1124 2538 1381 2587 montemque
1410 2526 1613 2585 Vesevum

422 2585 589 2641 oppleti
620 2586 767 2633 calidis
799 2586 869 2632 ubi
888 2586 1057 2640 fumant
1085 2585 1282 2642 fontibus
1312 2584 1461 2630 aulius
1482 2617 1493 2627 .

193 2641 246 2686 In
269 2656 402 2698 quam
435 2641 597 2698 pariter
617 2657 709 2688 rem
733 2645 851 2689 locus
886 2644 1031 2689 afferri
1049 2643 1193 2700 potest
1225 2659 1278 2690 ex
1299 2641 1503 2687 Diodoro
1523 2639 1684 2690 Siculo,
1701 2638 1777 2696 qui
1796 2635 2006 2681 Cumano

197 2713 301 2755 agro
321 2698 534 2763 Rhlegraei
553 2696 957 2748 denominationem
979 2717 1034 2746 ex
1055 2714 1108 2744 eo
1129 2699 1337 2745 attribuit
1358 2729 1370 2750 ‚
1401 2696 1519 2756 quod
1541 2699 1582 2743 in
1602 2710 1656 2740 eo
1677 2693 1903 2743 Vesuvius
1928 2694 2006 2743 fit,

196 2771 323 2801 mons
340 2768 508 2811 ignium
531 2761 762 2813 eruptione
799 2758 1094 2804 memorabilis
1115 2772 1127 2798 .·
1164 2761 1206 2802 &
1227 2758 1259 2802 fi
1274 2756 1550 2814 peregrinius
1580 2767 1671 2797 rem
1687 2755 1771 2799 alio
1792 2751 2007 2795 traducat.

199 2812 278 2857 Sed
305 2812 544 2857 firmiffima
579 2814 631 2857 ad
652 2814 764 2860 hanc
784 2817 1040 2869 opinionem
1074 2814 1374 2860 stabiliendam
1413 2811 1664 2862 conieRura
1680 2811 1772 2866 capi
1792 2804 1935 2864 potest
1952 2821 2006 2853 ex

196 2867 420 2915 Plutarchi
442 2869 692 2916 testimonio
718 2901 731 2921 ‚
755 2873 828 2927 qui
849 2874 892 2917 in
915 2871 1127 2928 opusculo
1146 2871 1197 2917 de
1216 2871 1383 2927 defectu
1402 2871 1674 2914 oraculorum
1710 2864 2007 2913 Vesuvianam

198 2925 594 2989 conflagrationem
615 2928 840 2982 designans
859 2958 871 2978 ‚
885 2941 982 2984 quae
1001 2929 1162 2974 scilicet
1178 2929 1324 2986 paucis
1345 2929 1468 2971 annis
1490 2930 1583 2976 eins
1597 2935 1769 2969 <etatem
1788 2920 2008 2985 praecelse-

201 2992 268 3024 rat
287 3012 301 3031 »
325 2985 357 3026 C
371 2999 570 3030 limarum
588 3014 601 3035 ‚
618 2988 993 3041 Puteola-umque
1012 2987 1302 3032 calamitatem
1322 2984 1522 3041 deplorat
1552 2997 1566 3030 3
1605 2996 1704 3027 curn
1734 2977 2008 3027 manfiestum

201 3036 269 3085 fit,
288 3040 618 3089 Herculaneum
636 3043 802 3099 potius,
824 3047 865 3092 δε
884 3045 1117 3103 Pompeios
1135 3058 1230 3089 eam
1253 3043 1421 3090 cladem
1440 3039 1640 3088 afflixisse
1661 3070 1673 3084 .
