2373 3340
370 103 561 153 >men-
594 102 716 147 nos
766 70 1012 147 afferre
1084 75 1227 148 huc
1287 77 1466 149 forte
1516 83 1829 178 aliquam
1886 108 2016 181 pro
2065 84 2176 155 vi·

375 185 484 253 rili
539 200 730 275 parte
777 177 998 248 aclnifi
1050 181 1333 252 essemus
1383 231 1402 258 ‚
1477 182 1530 254 fi
1608 186 1833 259 dot‘h's
1884 206 2167 259 tantum

377 284 785 356 hominibus
833 281 1122 354 scribere
1170 286 1318 354 haec
1351 289 1838 377 cogitassemus
1879 339 1897 357 .
1970 291 2177 362 Cete-

377 416 530 461 rum
574 413 801 483 neque
849 412 1022 481 opus
1099 388 1236 457 hoc
1281 388 1595 460 nostrum
1671 394 1804 463 suis
1863 399 2173 464 numeris

377 492 773 564 absolutum
822 489 950 561 esse
980 538 998 567 ‚
1042 492 1112 563 δε
1161 512 1626 564 monumenta
1672 495 1795 565 ista
1846 501 2066 586 magis
2095 521 2172 566 ac

379 603 597 688 magis
646 619 788 688 qua
838 595 1553 667 commentationibus
1605 643 1626 674 ,
1697 622 1846 693 qua
1903 605 2178 692 experi-

377 705 633 770 mentis
681 697 1003 767 illustrari
1053 695 1283 791 poste,
1333 698 1500 769 Tibi
1551 723 1679 771 nos
1724 702 1912 771 ultro
1949 702 2114 774 dum
2144 747 2165 779 ,

379 804 532 873 Rex
578 796 961 872 Celfiffime
1009 847 1028 876 ‚
1110 799 1525 897 profitemur
1571 827 1591 888 5
1670 801 1869 874 fateri
1917 805 1986 873 id
2037 830 2167 874 nos

373 904 716 978 universis
755 929 1047 1000 quoque
1096 904 1417 998 gentibus
1463 903 1886 975 arbitramur
1914 906 2166 997 .Qod

369 1008 423 1078 fi
476 1010 866 1104 quidpiam«
919 1030 1156 1082 tamen
1239 1026 1361 1076 aut
1439 1013 1511 1077 in
1592 1009 1908 1101 praesenti
1984 1010 2122 1078 hoc
2151 1060 2172 1087 ‚

369 1129 487 1183 aut
531 1118 607 1183 in
686 1114 825 1183 alio
903 1120 1164 1208 quovis
1245 1111 1587 1180 litterario
1648 1111 1880 1180 labore
1929 1111 2171 1182 nostro

366 1215 724 1286 tolerabile
789 1218 1381 1311 probandumque
1450 1217 1720 1306 aequior
1774 1214 2171 1307 sapientum

371 1326 569 1389 natio
643 1319 1157 1415 deprehendet3
1237 1319 1347 1388 Te
1445 1321 1811 1387 enimvero
1886 1341 2162 1396 unum,

371 1446 810 1518 quaecunque
858 1447 935 1493 ea
984 1423 1077 1493 est
1126 1470 1145 1499 ‚
1224 1419 1366 1489 laus
1418 1435 1746 1513 perpetuo
1793 1419 2173 1513 conseque-

365 1544 525 1595 tur:
601 1528 790 1621 cuju-s
834 1520 1238 1596 feliciffimis
1278 1521 1593 1616 auspiciis
1619 1527 1971 1616 torpentia
1996 1522 2167 1593 olim

368 1627 503 1698 fitu
548 1631 831 1719 ingenia
858 1627 1092 1700 nostra
1117 1632 1419 1696 excitata
1445 1625 1650 1712 sunt,
1696 1650 1921 1721 eoque
1948 1630 2166 1697 etiam

361 1750 736 1811 revocata,
780 1750 859 1804 ut
885 1731 997 1803 vel
1051 1732 1277 1821 Regni
1305 1730 1450 1799 Tui
1486 1775 1502 1803 ‚
1551 1729 1661 1797 vel
1685 1735 1913 1818 gentis
1937 1729 2172 1822 digni-

362 1852 584 1905 tatem
632 1842 808 1906 tueri
847 1861 924 1908 ac
950 1834 1272 1907 sustinere
1321 1830 1510 1924 posse
1557 1833 1962 1902 viderentur
1992 1881 2007 1899 .
2055 1834 2170 1903 ln·

365 1958 549 2009 terea
572 1939 740 2008 dum
768 1965 909 2011 una
933 1963 1095 2009 cum
1122 1934 1453 2031 opusculo
1491 1934 1631 2003 hoc
1678 1959 1808 2004 nos
1833 1952 2019 2004 totos
2045 1959 2163 2006 ve-

360 2041 748 2112 nerabundi
796 2091 816 2120 ‚
883 2039 1379 2134 litterulasque
1421 2037 1687 2111 nostras
1738 2041 1815 2108 in
1866 2036 2166 2131 Regiam

362 2145 602 2215 Fidem
628 2143 1242 2238 Clementiamque
1280 2145 1516 2212 Tuam
1563 2141 1943 2226 tradimus3
1998 2166 2167 2234 prae-

364 2264 724 2341 potentem
774 2248 1012 2319 Deum
1060 2246 1480 2316 obtestamur
1519 2291 1538 2320 ‚
1575 2264 1653 2315 ut
1696 2268 1918 2338 quam
1969 2245 2167 2320 Tui,

368 2350 928 2447 Regnorumque
955 2355 1281 2421 Tuorum
1306 2371 1547 2419 curam
1594 2348 1707 2418 ille
1734 2347 2165 2442 tutelamque

363 2451 789 2545 fingularem
814 2478 1010 2545 agere
1061 2453 1359 2522 instituit
1410 2474 1432 2538 3
1474 2452 1765 2521 eandem
1811 2474 2024 2545 porro
2067 2467 2168 2519 te·

362 2575 528 2631 neat
552 2603 572 2636 ‚
617 2579 1098 2657 perpetuoque
1122 2561 1335 2627 etiam
1361 2572 1572 2648 atque
1596 2561 1809 2626 etiam
1847 2569 2121 2624 tueatur
2147 2601 2164 2620 .

1965 2953 2091 3011 LE·
