2373 3340
226 270 866 395 CAPUT
958 172 2019 404 SECUNDUKAE

325 502 443 578 De
495 511 706 602 igneo
760 502 1114 576 Torrente
1169 529 1211 573 a
1266 503 1580 577 Vesubio
1632 506 1855 605 εῙεᾶο
1897 536 1918 596 5

692 608 916 705 deque
971 608 1115 706 ejus
1172 610 1540 683 mensura.

373 775 431 833 A
454 777 707 837 hactenns
736 780 1047 836 summatim
1072 779 1334 855 exsecuti,
1356 796 1475 855 -quae
1499 778 1834 855 novffmum
1858 781 2023 858 Vesu-

215 779 373 964 E
412 852 639 910 vianum
668 852 966 908 incendium
993 854 1256 907 comitata
1265 848 1412 925 sunt
1440 890 1457 916 ,
1496 855 1658 908 nulla
1712 869 1904 908 earum
1934 875 2022 910 re-

411 943 538 980 rum
566 936 593 991 ζ
621 925 761 996 quod
787 922 953 996 nostri
975 925 1222 976 tenuitas
1263 926 1463 994 ingenii
1492 926 1684 998 potuit
1724 930 1752 990 J
1808 944 1919 1000 quae
1951 931 2027 987 ad

211 999 383 1056 cladis
416 999 579 1069 hujus
606 1000 834 1051 initium
864 1031 879 1057 ‚
896 992 1191 1070 praeeffum
1220 1032 1236 1059 ‚
1275 997 1593 1070 exitumque
1608 999 1969 1070 pertinebant
2003 1040 2022 1069 ,

207 1082 373 1144 parte
393 1067 777 1143 praetermiffa3
811 1079 969 1142 operae
986 1070 1236 1139 pretium
1265 1085 1353 1122 nos
1374 1066 1626 1141 facturos
1655 1070 1912 1126 duximus
1939 1075 2035 1143 ‚st

212 1142 389 1195 eadem
421 1145 737 1195 accuratius
766 1178 781 1201 ‚
822 1156 988 1211 atque
1018 1137 1322 1208 distinetius
1352 1140 1779 1195 retractaremus
1811 1179 1825 1205 ‚
1864 1157 2018 1201 certa

207 1208 453 1265 methodo
482 1244 497 1270 ‚
519 1212 926 1280 partitioneque
951 1224 1042 1263 ea,
1073 1225 1234 1276 quam
1255 1210 1409 1276 forte
1440 1212 2026 1284 accommodatffmam

198 1280 574 1353 judicavimus
603 1320 616 1333 .
648 1279 819 1335 Porro
847 1292 914 1329 ex
953 1274 1328 1349 insignioribus
1359 1279 1726 1335 incendiorum
1754 1285 2031 1361 hujusmo-

209 1355 267 1410 di
295 1348 489 1426 ff’fft‘is
519 1388 532 1413 ‚
548 1349 667 1420 five
698 1347 973 1423 adjunbiis
1002 1385 1018 1413 ,
1069 1350 1361 1425 principem
1372 1348 1513 1426 sane
1520 1352 1638 1422 sthi·
1668 1356 1916 1412 vindicat
1946 1361 2026 1414 lo-

217 1443 339 1484 cum
369 1423 465 1477 ille
495 1425 756 1497 liquentis
785 1424 1073 1497 ignitaque
1102 1426 1344 1478 materiae
1361 1428 1610 1499 fluvius,
1640 1444 1791 1501 quem
1821 1431 2032 1503 nostra-

213 1511 294 1556 tes
327 1499 535 1552 Lavam
563 1496 838 1572 appellant
872 1517 890 1565 3
919 1515 1029 1570 quae
1057 1497 1265 1570 quidem
1295 1503 1530 1554 materia
1545 1500 1850 1576 frigcfaita
1869 1539 1884 1566 ‚
1898 1503 2023 1581 for-

215 1586 460 1640 mamque
487 1606 503 1631 ,
536 1588 597 1622 ac
626 1571 887 1622 duritiem
917 1569 1118 1621 induta
1139 1565 1415 1640 saxorum
1441 1611 1458 1635 ‚
1488 1582 1716 1643 perenne
1757 1576 2030 1634 documen-

219 1654 347 1697 tum
374 1639 444 1712 est
473 1636 996 1713 ferventiffi'marum
1034 1641 1245 1695 virium
1269 1638 1516 1715 fornacis
1555 1643 1792 1706 illius‚ex
1822 1663 1928 1719 qua
1959 1650 2037 1706 ad

217 1727 420 1768 noxam
441 1713 828 1786 perniciemque
859 1713 1229 1786 plurimorum
1268 1714 1560 1786 aliquando
1600 1716 1856 1773 derivata
1904 1723 1981 1794 est
2012 1764 2031 1780 .

210 1783 434 1844 ‘Horum
465 1797 648 1840 autem
685 1784 1004 1838 exitialium
1028 1782 1460 1852 Vesuvianorum
1481 1792 1821 1844 torrentium
1848 1796 2030 1861 nulla,

220 1859 364 1930 quod
376 1854 550 1933 sciam
575 1895 593 1922 ‚
650 1858 793 1931 apud
816 1870 1019 1913 veteres
1048 1857 1248 1911 harum
1277 1876 1462 1913 rerum
1494 1858 1779 1935 scriptores
1826 1871 2028 1922 mentio

212 1929 301 2003 est:
323 1927 437 1999 sive
467 1931 609 2005 quod
617 1941 718 2004 per
757 1946 818 1984 ea
844 1942 1084 2006 tempora
1113 1929 1264 1985 nihil
1286 1932 1403 1985 tale
1433 1948 1500 1985 ex
1528 1932 1849 2008 Vesuviostt
1879 1937 2029 2015 emis:-

206 2003 354 2081 sum3
385 2022 506 2057 cum
535 2019 729 2059 revera
761 2022 848 2057 nec
869 2015 974 2071 par
996 2002 1232 2073 semper,
1266 2020 1356 2057 nec
1385 2005 1752 2080 usquequaque
1779 2011 2020 2083 constans

217 2072 657 2150 Vesuvianarum
682 2073 1163 2143 coifflagrationum
1190 2074 1368 2127 modus
1397 2076 1491 2150 ff
1519 2076 1853 2152 consueverit
1877 2103 1892 2136 ε
1905 2082 2030 2152 sive

220 2146 361 2220 quod
385 2145 618 2199 illarum
644 2154 870 2198 aetatum
897 2145 1126 2198 homines
1151 2156 1449 2203 tantarum
1473 2167 1660 2204 rerum
1676 2163 1881 2227 pavore
1910 2173 2029 2211 con·-

217 2215 351 2292 cuffi
367 2256 384 2280 ‚
441 2217 765 2290 turbatique
793 2254 810 2282 ,
853 2217 1168 2290 diligentius
1227 2219 1421 2274 horum
1459 2220 1906 2295 observandorum
1935 2246 2026 2286 nec

224 2292 604 2364 cogitationem
631 2287 890 2365 suscipere
921 2302 1225 2366 potuerunt
1256 2310 1272 2345 ε
1312 2311 1530 2369 cumque
1567 2297 1755 2353 ardere
1792 2303 1971 2356 omnia
2003 2340 2023 2368 ,

209 2389 215 2393 ·
217 2365 571 2439 pervertique
597 2368 854 2418 nativam
882 2366 1077 2418 montis
1116 2361 1322 2439 faeiem
1360 2369 1501 2438 ignis
1532 2370 1597 2425 vi
1621 2371 1971 2445 tradidiffi’nt
2002 2395 2023 2443 ς

219 2448 346 2491 tum
381 2435 531 2492 nibil
542 2448 804 2509 praeterea
843 2436 1184 2493 narrandum
1219 2436 1336 2506 sibi
1345 2440 1632 2513 studiosius
1662 2443 1984 2518 censuerunt
2011 2486 2028 2503 .

198 2508 247 2581 J
253 2525 340 2560 am
368 2524 494 2562 vero
524 2509 584 2560 id
592 2507 702 2574 sibi
728 2508 985 2585 quispiam
999 2508 1172 2586 facile
1189 2509 1517 2590 perfuast’rit
1533 2552 1546 2577 ‚
1563 2517 1624 2569 in
1651 2516 2025 2591 immancffima

219 2580 326 2636 illa
350 2578 464 2655 sub
493 2579 626 2634 Tito
655 2584 1095 2657 conflagratione,
1125 2584 1295 2637 talem
1325 2585 1740 2661 liquefaciorum
1754 2586 2028 2665 saxorum

204 2651 522 2731 fluentium
551 2671 735 2727 agmen
767 2695 781 2719 ‚
817 2657 974 2731 quale
993 2654 1283 2728 posteriora
1308 2655 1509 2736 saecula
1545 2657 1675 2737 saepe
1704 2673 1978 2720 notarunt
2009 2702 2028 2730 ‚

222 2744 327 2783 non
356 2722 570 2801 defuiſje
595 2766 613 2792 ‚
644 2727 816 2783 Plinii
847 2733 1080 2784 maxime
1117 2728 1409 2801 testimonio
1441 2733 1699 2788 ada'uiius
1728 2775 1743 2799 ‚
1773 2741 1867 2808 qui
1880 2738 2028 2815 scri-

219 2797 308 2854 bit
341 2802 367 2864 ζ
377 2805 430 2864 1)
462 2799 880 2869 quadriremem,
912 2821 1017 2877 qua
1045 2804 1348 2859 avunculus
1378 2806 1678 2862 vehebatur
1713 2845 1727 2871 ‚
1757 2810 1898 2865 litus
1928 2810 2028 2864 Ve-

209 2867 376 2948 suvio
387 2869 670 2948 subjacens
701 2885 882 2934 tenere
908 2893 1014 2949 non
1031 2874 1265 2954 potaiffe
1297 2916 1314 2942 ‚
1335 2891 1616 2956 propterea
1646 2881 1788 2957 quod
1811 2918 1826 2945 ,
1863 2882 2024 2952 velut

466 3001 467 3004 ,
1246 2949 1294 3009 Ε
1828 2967 1954 3032 pro-

284 3047 353 3101 (1)
409 3047 779 3106 Epist.16‚libr.6.‘
