2373 3340
422 158 481 216 33
643 143 751 199 DE
802 136 1126 197 vEsuvn
1173 126 1901 200 CONFLAGRArroNE

339 277 507 332 eodem
535 275 643 329 loco
672 274 957 348 proditum
985 275 1237 328 memoriae
1266 272 1336 344 es}
1363 313 1376 327 .
1434 271 1537 329 Sed
1584 274 1645 326 de
1699 275 1780 330 bis
1820 266 2078 328 habienu's
2107 293 2125 326 ι

341 349 480 425 quod
503 359 866 423 occoeperamus
907 347 1074 402 dicere
1105 383 1120 409 ‚
1150 346 1533 425 persequamur
1563 384 1577 399 .
2122 380 2126 386 ·

487 421 645 476 Anno
671 423 856 494 itaque
894 426 956 474 16
967 435 1023 486 31
1062 421 1255 476 horum
1294 423 1629 476 torrentium
1659 422 1743 476 vis
1780 421 2139 494 intemperan-

341 493 528 570 tffme
555 491 786 571 desaeviit
819 514 836 561 3
880 505 1161 568 totumque
1191 505 1316 570 pene
1344 494 1743 549 meridionalem
1774 529 1789 555 ,
1844 494 2137 547 occidenta-

338 573 542 643 lemque
570 570 764 623 montis
798 568 1005 624 clivum
1044 568 1348 624 incredibili
1375 567 1637 641 vastitate
1666 567 1968 636 occupavi&
2000 567 2133 638 quin

340 639 412 699 &⁹
433 642 671 716 plerique
709 657 881 696 amnes
910 639 1210 716 hujusmodi
1239 681 1254 707 ‚
1297 638 1558 719 superato
1612 640 1867 715 pluribus
1911 639 1970 689 in
2012 639 2140 691 locis

344 712 539 787 objebia
581 713 746 766 litore
772 747 786 773 ‚
846 717 903 768 in
930 732 1078 767 mare
1100 713 1212 785 sese
1249 726 1690 770 exoneraverant
1721 733 1739 779 3
1798 723 1962 780 atque
1990 723 2057 760 ex
2084 726 2138 762 eo

342 799 570 861 tempore
599 825 614 850 3
646 801 708 839 nc
737 785 795 838 in
827 783 1119 838 levioribus
1150 788 1355 855 quidem
1385 787 1653 847 incendiis,
1686 803 1791 840 non
1830 784 2018 852 aliqua
2050 796 2141 834 ex-

327 862 489 935 stitit
521 855 930 930 liquefafforum
963 853 1199 926 lapidum
1225 852 1514 916 eructatio3
1545 865 1613 905 ut
1642 867 1709 908 ut
1738 874 1796 908 ea
1826 849 2144 930 circa'sum-

345 951 493 988 mum
520 924 739 1002 Vesuvii
770 939 1033 983 craterem
1054 928 1349 1000 plerunque
1359 922 1685 995 substiterit
1717 963 1729 976 .
1759 930 1837 981 At
1868 930 1928 981 in
1947 924 2142 1000 postre-

346 1022 434 1061 ma
469 1022 560 1060 con
599 1002 879 1075 agratione
906 1001 1029 1062 bac,
1050 999 1173 1070 five
1202 1000 1329 1074 quia
1359 998 1595 1072 reliquas
1626 995 1810 1070 nost‘rae
1830 1032 1845 1058 ,
1890 1010 2144 1067 patrum-

343 1095 442 1153 que
472 1077 772 1146 nostrorum
801 1074 1058 1125 memoriae
1086 1089 1253 1126 omnes
1282 1079 1307 1136 ζ
1334 1088 1448 1125 una
1478 1070 1584 1122 illa
1611 1082 1828 1146 excepta
1855 1106 1873 1133 ,
1903 1083 2013 1140 quae
2047 1085 2141 1120 an·-

344 1166 410 1205 no
448 1151 605 1212 1631.
623 1140 782 1218 faeta
811 1143 881 1216 est
906 1148 931 1208 >
958 1143 1295 1198 vehementia
1324 1145 1625 1216 impetuque
1648 1136 2144 1217 superaverit3stve

345 1221 477 1294 quia
532 1230 746 1272 torrens
804 1219 985 1288 igneus
1024 1231 1092 1266 ex
1130 1219 1336 1267 recenti
1384 1217 1554 1266 biatu
1591 1218 1736 1266 circa
1767 1215 1996 1264 medium
2021 1209 2146 1285 fi’rc

344 1292 541 1346 montis
571 1286 792 1360 egressus
836 1325 851 1351 ‚
891 1304 993 1341 non
1021 1296 1265 1358 parvum
1304 1284 1524 1339 itineris
1565 1284 1922 1358 compendium
1965 1279 2147 1357 feciffi·

344 1364 519 1421 videri
542 1358 689 1437 poffie
724 1379 740 1427 3
751 1357 875 1429 five
903 1360 1120 1415 tandem
1148 1358 1277 1431 quia
1295 1369 1395 1431 per
1424 1354 1596 1410 refft'as
1624 1358 1990 1432 expeditasque
2019 1356 2144 1411 val·

347 1438 421 1491 les
450 1438 559 1489 iter
589 1433 856 1507 aggreffius
886 1470 901 1497 ,
941 1448 1044 1486 non
1084 1431 1170 1484 ita
1211 1446 1466 1504 magnum
1504 1430 1715 1484 virium
1737 1428 1975 1507 suarum
2005 1467 2018 1492 ,
2050 1440 2148 1502 per

343 1505 627 1580 anf'rabtus
659 1503 1092 1578 diverticulaque
1119 1504 1343 1556 viarum
1373 1539 1388 1565 ‚
1448 1502 1841 1557 detrimentum
1857 1500 2096 1570 subierit
2127 1521 2144 1556 ε

345 1574 690 1655 quaecunque,
719 1580 938 1648 inquam
969 1610 983 1635 ‚
1013 1591 1078 1626 ex*
1107 1574 1188 1626 his
1219 1573 1398 1642 cauffa
1420 1585 1664 1643 ponatur
1696 1610 1709 1634 ‚
1725 1574 1843 1641 five
1877 1590 1941 1626 eae
1980 1576 2147 1644 magis

346 1666 515 1706 omnes
557 1653 616 1702 in
653 1648 792 1701 banc
822 1664 934 1700 rem
962 1642 1344 1718 conspirarint3
1374 1642 1524 1697 illud
1543 1656 1685 1699 certe
1696 1644 1845 1719 satis
1873 1641 1944 1714 est
1970 1645 2146 1719 explo-

345 1733 542 1783 ratum
581 1758 596 1784 ,
635 1719 702 1774 ab
732 1720 969 1774 incendio
999 1719 1133 1770 anni
1176 1720 1339 1780 163¹·
1397 1733 1678 1787 nunquam
1715 1717 1854 1770 alias
1903 1719 2147 1790 ignitum

345 1799 438 1854 boc
457 1795 668 1867 flumen
699 1791 1025 1846 tantundem
1038 1785 1218 1862 spatii
1245 1789 1532 1862 decurrisse
1571 1808 1591 1856 3
1648 1787 1808 1868 usque
1837 1807 1890 1843 eo
1919 1827 1936 1854 ‚
1977 1804 2044 1844 ut
2077 1787 2150 1846 &²

347 1870 551 1939 regiam
580 1867 730 1921 viam
773 1859 1117 1920 intercideret
1161 1894 1178 1923 ,
1242 1862 1535 1936 modicoque
1572 1879 1606 1916 a
1645 1868 1788 1918 mari
1839 1864 2146 1921 intervalla

335 1936 643 2021 subfisteret
678 1977 691 1991 .
2160 1976 2170 1983 .

496 2013 667 2066 Porro
684 2011 922 2081 princeps
951 2010 1038 2064 hic
1064 2017 1276 2060 torrens
1305 2045 1319 2070 ‚
1352 2009 1448 2079 qui
1473 2010 1548 2062 ad
1571 2025 1719 2070 mare
1747 2007 1908 2088 ustlrue
1934 2011 2147 2064 delatus

350 2086 420 2160 ⁶st
450 2122 463 2148 ‚
497 2099 560 2136 x1
583 2097 597 2133 1
617 2081 941 2138 1.Kalendas
957 2081 1008 2148 J
1009 2079 1165 2133 unias
1189 2075 1299 2152 sub
1339 2078 1572 2150 occasum
1594 2079 1729 2156 solis
1758 2085 1956 2154 erupit,
1987 2093 2056 2136 ut
2084 2085 2146 2137 in

349 2156 788 2234 premeridibus
825 2152 1151 2208 adnotatum
1177 2150 1248 2224 cst
1285 2170 1301 2204 :
1341 2154 1487 2223 eique
1544 2157 1818 2227 eruptioni
1855 2154 2140 2209 horribilis

343 2232 542 2288 montis
569 2225 769 2303 fragor
799 2223 870 2281 ἔθ’
898 2224 1111 2279 bombus
1140 2257 1155 2285 ,
1206 2225 1350 2277 circa
1388 2224 1639 2279 decimam
1679 2245 1872 2281 nonam
1899 2228 2012 2297 ejus
2044 2226 2148 2278 diei

350 2308 541 2363 horam
562 2337 577 2362 ‚
597 2299 835 2374 praelusit
867 2317 884 2365 3
925 2296 1136 2371 qualem
1165 2295 1303 2347 alias
1359 2314 1558 2372 quoque
1587 2295 1694 2368 sub
1732 2300 2149 2354 vehementioris

351 2375 583 2445 alicujus
613 2374 841 2428 incendii
881 2371 1108 2424 initium
1146 2369 1464 2424 exauditum
1493 2370 1589 2444 ‘ff'
1615 2373 1898 2445 accepimus
1929 2412 1941 2425 .
1979 2370 2157 2447 Qcfi

353 2456 619 2522 nequeant
649 2457 920 2500 torrentes
946 2439 1194 2515 ejusmodi
1232 2441 1374 2512 ignei
1410 2453 1681 2518 erumpere
1707 2481 1722 2507 ‚
1764 2446 1924 2519 inque
1953 2443 2154 2520 conspe-

351 2521 500 2578 ctum
529 2520 729 2584 venire,
761 2517 866 2586 nist
873 2513 1123 2596 solidiore
1151 2515 1379 2588 quadam
1408 2518 1707 2591 nativaque
1735 2520 1934 2573 montis
1962 2516 2143 2592 crusta

354 2589 608 2667 diffracta
639 2628 653 2653 ‚
682 2607 743 2645 ac
781 2586 1068 2661 dehiscente
1095 2607 1113 2654 3
1157 2588 1297 2660 quod
1319 2588 1597 2661 neccff'ario
1624 2585 1849 2665 displosio
1878 2592 2146 2666 quiedam,

357 2667 680 2737 tonitruque
718 2662 969 2718 terribile
1025 2659 1374 2734 consequatur
1404 2701 1416 2713 .
1453 2663 1554 2716 Sed
1577 2679 1703 2718 vero
1734 2664 1880 2717 illud
1905 2663 2050 2718 nabis
2078 2663 2140 2717 in

357 2734 571 2816 obscuro
608 2736 720 2809 est‘,
759 2753 830 2790 an
869 2735 942 2789 ad
974 2734 1182 2788 eandem
1208 2734 1308 2787 diei
1344 2733 1534 2788 boram
1554 2735 1777 2810 fluvius
1806 2737 1902 2789 ille
1933 2736 2142 2808 ignitus

358 2813 635 2867 decurrere
655 2811 894 2884 primum
923 2809 1187 2882 ineoeperit
1225 2844 1241 2870 ,
1272 2808 1364 2881 qui
1401 2809 1674 2864 inclinata
1697 2810 1823 2881 jam
1852 2809 1933 2862 die
1972 2813 2138 2863 omni-

361 2885 454 2939 bus
486 2884 670 2956 palam
708 2882 953 2936 innotuit
982 2901 997 2935 ε
1057 2898 1129 2935 an
1185 2891 1345 2936 tanto
1383 2884 1638 2956 temporis·
1688 2882 1993 2938 intervallo
2023 2894 2144 2956 opus

350 2959 533 3033 fucrit
565 2994 580 3024 ‚
617 2956 710 3012 vel
735 2967 802 3011 ut
833 2952 1104 3028 &efflanda
1133 2955 1380 3030 materies
1409 2957 1577 3030 magis
1605 2951 1873 3033 magisque
1901 2972 2146 3028 excoque-

1875 3039 2037 3087 retur
2063 3063 2081 3092 2
