2373 3340
412 172 482 223 72
633 155 741 211 DE
791 150 1109 212 VESUVII
1160 155 1895 222 CONFLAGRATIONE

331 303 355 338 e
385 277 595 354 diversis
625 285 891 340 torrentis
916 287 1169 361 partibas
1197 287 1411 344 edafftas
1441 291 1700 347 allambit
1733 329 1748 356 ‚
1775 292 2080 371 adbaerefiit
2109 300 2133 364 ξ

330 358 460 429 qain
489 359 549 412 in
579 361 773 412 montis
806 357 956 435 iffas
985 363 1189 418 vertice
1216 377 1384 419 tanta
1417 364 1571 418 illias
1610 367 1750 435 eopia
1790 368 2079 439 aliqnando
2116 406 2136 435 ,

329 433 587 484 interiore
615 431 802 506 aliqua
834 433 1115 504 incensione
1149 473 1164 497 ‚
1201 437 1364 512 egesta
1393 437 1463 508 est
1491 474 1507 501 ,
1546 451 1614 492 at
1627 435 1997 517 superioribas
2037 459 2134 498 an-

329 505 410 557 nis
450 505 627 559 accolae
654 505 713 559 de
739 522 792 559 eo
822 505 896 559 ad
929 512 1060 564 vitae
1100 508 1221 583 asas
1262 511 1561 585 neceffarios
1601 511 1889 583 colligendo
1927 517 2127 586 cogita-

327 577 450 630 rint
491 617 504 630 .
557 577 659 633 Sed
682 579 757 634 ad
800 578 936 636 alem
963 584 1103 658 qaod
1114 586 1358 659 pertinet
1392 602 1509 639 eam
1540 620 1555 646 ,
1595 602 1747 658 qaem
1786 584 2128 662 dix-imassa-

327 650 408 700 xis
447 666 480 702 a
505 644 667 723 famo
694 669 727 705 a
742 657 895 727 pergi
933 676 952 722 3
1009 660 1053 710 is
1092 670 1234 713 certe
1262 659 1327 712 iis
1356 656 1618 732 lapidibus
1651 694 1666 720 ‚
1706 674 1808 730 qao
1832 653 2022 729 famas
2063 661 2134 732 est

325 720 472 775 reeta
503 723 714 779 delatas
755 761 769 786 ‚
811 725 1005 798 affixas
1033 730 1237 792 vist'tar
1275 767 1292 788 ‚
1349 749 1411 785 ac
1432 730 1694 800 pendulas
1732 748 1752 793 ‚-
1807 729 1958 780 baad
1970 729 2129 805 forte

324 794 493 850 aliter
522 835 538 862 ‚
572 812 732 868 qaam
761 794 1035 854 veteribas
1075 797 1295 850 caminis
1333 813 1400 847 ex·
1428 808 1686 867 perpetua
1715 801 2132 868 efflammationc

326 867 492 922 haeret
522 865 706 942 saligo
737 907 751 931 ‚
790 882 954 943 atqae
982 869 1223 942 dependet
1247 909 1259 921 .
1314 868 1437 941 Qo
1470 867 1529 918 in
1550 884 1773 937 genere,
1803 870 1947 926 nobis
1979 893 2125 930 mon-

326 949 436 994 tem
464 939 834 1015 lustrantibas
847 942 1156 1015 jucundam
1167 938 1317 1014 satis
1345 978 1361 1004 ,
1400 955 1460 993 ac
1492 940 1830 993 narrandam
1853 941 2128 1013 spefft'aca-

325 1011 445 1066 lam
472 1051 488 1078 ‚
517 1018 577 1068 in
590 1013 853 1090 famante
881 1015 1109 1088 quadam
1136 1016 1401 1069 torrentis
1429 1015 1574 1067 rima
1597 1048 1613 1074 ,
1643 1025 1855 1066 centnm
1870 1010 1991 1084 fere
2014 1017 2131 1089 pas-

309 1083 408 1159 sas
444 1100 478 1135 a
517 1087 614 1140 via
644 1091 791 1156 regia
819 1083 1001 1158 versas
1030 1098 1260 1139 montem
1287 1085 1518 1157 distante
1546 1121 1561 1147 ,
1582 1084 1744 1156 flores
1766 1083 1906 1160 salis
1946 1087 2133 1162 bajas-

322 1154 462 1210 modi
503 1155 828 1212 obtulerant
878 1198 891 1211 .
960 1156 1188 1213 Etenim
1217 1157 1351 1234 salis
1383 1158 1673 1232 particalae
1713 1176 1819 1214 non
1854 1159 2133 1216 baerebant

322 1227 530 1302 quidem
559 1230 669 1282 illae
697 1267 712 1292 ,
733 1228 1086 1303 *fizspenl'aeqae
1113 1225 1277 1284 era'nt
1307 1264 1324 1290 ‚
1359 1243 1430 1282 at
1475 1230 1611 1279 alibi
1634 1228 1822 1299 Pffm
1860 1266 1875 1290 ‚
1920 1229 2127 1306 confasc':

321 1317 385 1355 ae
403 1300 752 1373 pertarbateg
778 1302 876 1379 sed
907 1297 1304 1375 elegantiffi'mos
1332 1295 1604 1373 quosdam,
1635 1311 1859 1372 arteqae
1885 1302 2129 1358 elabora-

321 1385 404 1429 tos
423 1373 677 1446 floecalos
717 1373 1084 1448 exprimebant
1115 1413 1127 1425 .
1183 1374 1347 1446 Prope
1385 1371 1533 1427 reeta
1562 1371 1823 1446 pendebat
1862 1372 2126 1431 bacillam

317 1464 389 1503 ex
419 1447 670 1521 plarimis
692 1442 834 1525 salis
864 1445 1119 1522 partibas
1158 1446 1444 1518 conflatam
1481 1464 1502 1511 ‚-
1559 1447 1646 1499 cai
1684 1445 2024 1501 adbaerebant
2058 1448 2132 1502 ad

317 1521 503 1575 latera
533 1556 549 1582 ‚
585 1519 808 1576 alaram
837 1520 1009 1590 instar
1040 1556 1054 1582 ‚
1095 1519 1209 1571 alia
1233 1518 1372 1593 salis
1399 1516 1720 1591 fragmenta
1748 1529 1868 1570 tam
1907 1520 2129 1575 ordina-

316 1594 425 1649 tim
452 1628 470 1654 ,
527 1603 745 1663 tamque
783 1594 1031 1647 concinne
1059 1629 1074 1653 ,
1130 1600 1198 1642 at
1218 1591 1464 1662 plancam
1502 1585 1938 1661 elegantiffi'mam
1961 1592 2137 1662 planc-

314 1661 587 1739 referrent
618 1703 631 1717 .
666 1663 724 1720 E
754 1665 944 1743 plama
982 1663 1081 1718 bae
1110 1698 1126 1727 ‚
1156 1661 1418 1718 bacillove
1445 1660 1598 1716 alato
1626 1660 1757 1714 bina
1787 1698 1801 1721 ,
1842 1672 2074 1717 ternave
2101 1700 2122 1728 ,

315 1748 421 1791 ant
449 1747 720 1810 quaterna
749 1740 916 1793 etiam
943 1738 1041 1792 vel
1062 1738 1229 1810 qaina
1259 1737 1469 1790 minora
1498 1733 1700 1788 bacilla
1727 1733 2118 1805 dependebant,

312 1812 462 1884 cique
489 1806 904 1881 adbaerescebant
932 1829 951 1877 3
983 1822 1050 1863 at
1080 1808 1199 1864 inde
1206 1809 1566 1876 floccaloram
1594 1845 1610 1869 ,
1650 1823 1813 1879 qaam
1842 1806 2076 1861 diximus
2102 1843 2120 1870 ‚

314 1884 488 1954 imago
501 1880 785 1957 speciesque
814 1881 1075 1954 exfsseret
1107 1920 1120 1933 .
1174 1879 1258 1936 Hi
1295 1897 1422 1935 vero
1439 1881 1599 1951 flocci
1627 1898 1652 1932 e
1660 1877 1785 1950 sais
1799 1875 2011 1954 sedibas
2041 1880 2122 1933 di-

315 1959 451 2008 moti
481 1953 836 2026 abstrat‘tioae
876 1972 978 2009 non
997 1952 1117 2019 sine
1155 1970 1289 2006 cara
1329 1991 1344 2015 ,
1389 1955 1514 2019 „sive
1541 1954 1689 2005 inter
1716 1968 1906 2004 manas
1945 1990 1961 2013 ‚
2002 1951 2122 2020 sive

311 2027 517 2082 cbartae
573 2026 794 2101 impositi
831 2064 847 2088 ‚
893 2024 1131 2100 formam
1172 2024 1521 2075 nibilominus
1548 2019 1713 2093 snam
1752 2021 2060 2077 tuebantur
2098 2043 2132 2086 z,

313 2095 555 2172 difflatu
582 2115 710 2154 vero
739 2137 756 2164 ‚
812 2101 871 2153 in
894 2093 1177 2170 sexcentas
1204 2093 1388 2149 velati
1416 2090 1740 2166 tenaiffimas
1769 2108 1891 2146 acas
1920 2129 1937 2158 ,
1968 2111 2028 2149 ac
2056 2098 2121 2150 in

313 2168 725 2245 minatiffimam
752 2165 1265 2241 candidffmnmqae
1286 2166 1564 2239 pulverem
1605 2163 1833 2219 abibant
1875 2204 1889 2217 .
1944 2168 2116 2221 Porro

309 2244 407 2302 has
436 2245 522 2297 ita
552 2257 882 2321 comparatas
916 2242 1046 2318 salis
1082 2239 1388 2315 particulas
1427 2239 1705 2313 explorare
1745 2232 2120 2313 micrcfiopioj

307 2317 450 2392 qaod
473 2328 596 2372 tam
617 2316 803 2393 praesto
833 2333 936 2370 non
962 2325 1086 2369 erat
1119 2350 1135 2375 ‚
1165 2312 1376 2366 minime
1406 2313 1570 2365 licait
1600 2331 1616 2366 ε
1635 2306 1741 2382 fi’d
1777 2307 1905 2362 aliis
1933 2321 2119 2366 tamen

310 2391 681 2462 experimentis
713 2428 728 2454 ‚
767 2381 1320 2462 observationibasqae
1346 2385 1595 2459 testatam
1633 2399 1737 2436 non
1763 2379 1834 2454 est
1861 2417 1878 2444 ,
1933 2393 2004 2437 at
2032 2385 2121 2438 in-

313 2460 480 2514 dolem
499 2457 635 2536 salis
663 2461 957 2535 Vesaviani
977 2462 1285 2533 generatim
1312 2455 1717 2530 cognosceremus
1745 2471 1762 2506 ε
1803 2469 1933 2523 qaas
1964 2455 2113 2509 vide-

311 2532 441 2588 lieet
481 2532 871 2604 observationes
912 2550 1001 2588 nec
1042 2529 1361 2603 injucundas
1391 2528 1677 2584 lectoribus
1720 2527 1909 2600 nostris
1949 2563 1964 2591 ‚
2025 2545 2116 2583 nec

306 2607 532 2660 inutiles
574 2607 816 2680 fataras
859 2643 875 2669 ,
930 2622 1049 2663 cam
1089 2607 1152 2657 iis
1191 2603 1347 2658 altro
1387 2604 1832 2657 commanicamas
1864 2637 1877 2651 .
1949 2615 1994 2652 1.
2027 2595 2124 2674 fal

307 2677 447 2733 hicce
476 2681 752 2734 nonnullis
782 2681 838 2733 in
851 2675 1010 2752 saxis
1039 2679 1311 2749 reperitur
1340 2675 1591 2747 ‘vulgaris
1602 2671 1745 2745 salis
1777 2671 2112 2726 Ammoniaci

286 2747 456 2825 specie
464 2750 784 2820 simillimas
813 2790 826 2803 .
868 2770 916 2805 2.
947 2748 1176 2823 gustata
1205 2742 1477 2821 &sapore
1507 2743 1764 2801 nonnihil
1785 2744 1853 2798 ab
1880 2742 1979 2795 illo
2006 2739 2111 2814 dif'-

292 2822 419 2902 fert
457 2843 473 2878 :
532 2844 657 2880 nam
685 2822 1017 2899 Vesavianas
1047 2822 1241 2894 lingaae
1267 2819 1529 2894 impositas
1547 2818 1712 2891 patilo
1743 2817 1957 2869 acutior
1985 2813 2056 2886 cst
2083 2833 2107 2882 3

289 2909 590 2972 partemque
618 2899 754 2970 abest
783 2933 796 2958 ‚
828 2907 895 2950 at
934 2889 1007 2949 ἔθ’
1032 2896 1285 2966 caasticas
1313 2891 1404 2965 effe
1432 2892 1691 2948 videatur
1724 2925 1736 2938 .
1778 2902 1825 2950 3.
1863 2904 1889 2939 e
1926 2887 2102 2941 diver-

281 2969 361 3046 sis
373 2969 531 3048 saxis
553 2970 656 3047 sal
687 2968 935 3047 colleeZaf
965 2984 1070 3040 non
1087 2970 1218 3043 pari
1239 2961 1428 3045 sapore
1465 2964 1535 3042 est
1571 2983 1588 3036 ξ
1626 2962 1719 3037 qai
1747 2956 2108 3090 mimnjssssb‘

1868 3102 1885 3107 --
1919 3079 1956 3112 Φ
