2373 3340
537 144 960 204 >CAPUT
1061 146 1730 222 QUARTUM.
1885 166 1965 224 εγ

196 329 199 331 ,
235 278 565 356 periclitatio
593 276 722 330 olim
768 288 863 352 per
901 278 1077 333 otium
1117 271 1387 351 subtilius
1433 276 1594 354 fabia
1623 321 1637 345 ‚
1703 287 2036 360 exploratius

239 354 451 429 aliquid
474 351 765 426 aliquando
794 348 1061 425 cognoscat
1090 389 1104 403 .
1164 347 1300 406 Saue
1337 352 1543 424 quidem
1573 354 1771 409 Strabo
1804 367 1828 423 ζ
1839 367 1890 423 1)
1919 381 2038 417 cum

236 430 295 482 de
324 421 502 501 insula
537 425 777 481 AEnaria
796 423 995 502 scribit
1026 458 1042 482 ‚
1098 440 1286 479 aureas
1328 424 1441 497 ejus
1495 439 1657 480 terrae
1698 445 1859 484 venas
1907 453 2041 488 com-

234 510 496 556 memorat
535 519 552 567 ,·
593 495 879 573 earumque
918 498 1118 570 gratia
1146 533 1162 558 ‚
1212 509 1411 570 praeter
1454 494 1829 571 fertilitatem
1867 509 2034 560 etiam

232 574 358 643 agri
396 610 411 637 ‚
442 567 806 644 vetustiffimos
834 569 1031 625 incolas
1057 569 1208 642 longe
1246 569 1424 625 beatos
1462 607 1480 635 ,
1534 570 1909 649 locupletesque
1938 579 2036 632 ha·

232 645 370 703 bicos
400 644 493 719 effe
524 685 537 699 .
575 641 818 717 Qodst
843 641 1090 698 AEnariae
1118 643 1286 698 tellus
1315 658 1350 697 a
1380 645 1574 700 vicinis
1603 643 1832 721 Vesuvio
1871 652 2038 723 regio-

237 718 394 774 nibus
424 715 598 770 indole
627 729 729 768 non
761 716 1041 771 admodum
1068 715 1252 783 distat‚·
1266 716 1403 781 jure
1428 718 1565 788 quis,
1597 722 1893 794 meritoque
1922 738 2040 776 con-

232 789 426 843 tendat
465 823 481 850 ,
511 805 600 843 nec
630 790 833 841 montis
862 787 1031 859 nostri
1057 783 1348 863 visceribus
1375 791 1508 843 anri
1538 805 1698 846 venas
1717 791 2036 873 fodinasque

226 857 383 935 deff
413 901 427 915 .
465 858 569 914 Sed
591 861 651 914 de
679 858 760 911 his
774 857 921 931 satis
951 899 964 914 .

373 934 499 990 Sint
526 949 654 988 vero
682 932 739 985 in
770 928 1077 1008 Vesaviana
1097 930 1332 988 materia
1359 970 1376 998 ,
1409 952 1500 991 nec
1530 954 1619 1004 ne,
1648 957 1709 993 aes
1741 936 1997 1009 ,ferrum
2017 974 2037 1004 ,

215 1006 486 1081 stannum
516 1041 532 1069 ,
558 1003 910 1080 plumbumve
934 1041 948 1066 ‚
1004 1023 1094 1062 nec
1104 1005 1356 1077 statuere
1382 1010 1549 1064 etiam
1578 1024 1724 1067 certo
1742 1011 2038 1088 poffumus.

230 1081 289 1135 E
292 1090 322 1133 t
338 1076 562 1151 ferram
592 1078 801 1149 quidem
830 1076 1010 1150 ineffe,
1041 1079 1112 1152 est
1140 1097 1240 1135 cur
1258 1077 1409 1152 satis
1428 1082 1792 1154 probabiliter
1802 1083 2035 1159 suspice-

224 1167 354 1204 mar
382 1168 399 1203 z
430 1166 593 1220 neque
622 1150 685 1201 ob
714 1152 774 1202 id
776 1147 961 1221 filum
988 1189 1004 1212 ‚
1042 1152 1183 1221 quod
1209 1155 1303 1223 qui
1330 1163 1604 1210 torrentes
1633 1156 1829 1226 nostros
1857 1161 2036 1212 intui⁴

221 1232 315 1278 tus
336 1216 517 1292 fuerit
548 1252 564 1279 ,
620 1219 666 1267 is
698 1221 879 1271 videre
911 1217 1029 1283 sthi
1044 1219 1269 1292 serrum
1295 1223 1317 1271 i
1329 1220 1590 1294 sffmum
1619 1229 1828 1280 omnino
1852 1229 2036 1283 videa·

219 1303 326 1348 tur
354 1309 372 1357 3
404 1301 633 1344 tantam
660 1288 745 1343 bic
763 1288 916 1368 ferri
945 1290 1119 1362 instar
1146 1289 1242 1362 cst,
1296 1308 1360 1343 eu
1374 1294 1771 1368 potiusfhrreae
1790 1295 1984 1373 spuma
2016 1334 2035 1364 ,

221 1363 318 1420 vel
337 1361 485 1437 ferri
511 1359 685 1434 adusti
726 1380 743 1416 z
784 1362 870 1417 sed
892 1364 1061 1421 etiam
1091 1373 1373 1438 propterea
1401 1402 1417 1429 ,
1446 1369 1590 1438 quod
1611 1366 1802 1425 multis
1832 1375 2036 1446 experi-

214 1438 411 1491 mentis
442 1446 764 1508 compertum
802 1435 873 1507 est
910 1473 924 1500 ,
956 1447 1254 1510 magnetem
1285 1473 1301 1492 ,
1318 1435 1502 1505 ,sicubi
1528 1442 1604 1496 ad
1625 1446 1892 1499 nonnulla
1931 1448 2032 1500 Ve-

208 1506 571 1584 suvianorum
599 1508 838 1580 lapidum
855 1508 1181 1584 fragmenta
1209 1509 1549 1581 admotusfit
1578 1552 1595 1578 ‚
1636 1518 1769 1571 'vim
1811 1521 2031 1593 propin-

214 1581 451 1654 quitatis
469 1575 762 1652 persensisse
801 1597 907 1635 non
934 1580 1107 1635 dubiis
1136 1581 1347 1647 indiciis
1374 1599 1391 1634 :
1440 1601 1660 1659 cumque
1699 1585 1913 1661 insuper
1940 1593 2034 1646 vi..

215 1653 427 1708 deamus
466 1655 698 1707 nauticae
715 1652 929 1728 pyxidis
959 1668 1114 1726 acum
1143 1689 1158 1714 ‚
1197 1650 1411 1719 diveifis
1442 1655 1553 1726 ejus
1581 1663 1825 1714 materiae
1846 1665 2038 1735 parti⁴

213 1723 352 1780 culis
380 1722 653 1787 admotam
681 1760 694 1785 ‚
724 1727 1023 1798 circumagi
1052 1724 1314 1779 nonnihil
1338 1759 1354 1784 ‚
1393 1725 1713 1804 jaiiarique
1750 1735 2032 1807 inaequali-

211 1808 302 1853 ter
340 1816 358 1865 3
391 1795 482 1849 illi
510 1794 822 1864 conjeit'urae
844 1802 1046 1871 pondus
1088 1796 1288 1851 accedit
1315 1798 1626 1875 :simulque
1662 1804 1721 1857 in
1750 1822 1863 1859 eam
1891 1810 2029 1880 cogi:

211 1870 478 1926 tationem
506 1867 823 1924 adducimur
851 1906 867 1931 ‚
894 1866 1121 1947 serrum
1149 1885 1256 1923 non
1284 1880 1383 1943 per
1420 1884 1601 1928 totam
1641 1879 1852 1932 omnino
1887 1880 2028 1956 mas*-

198 1941 323 2018 sam
352 1940 696 2018 aequabiliter
710 1939 902 2016 fusum
941 1940 1035 2015 effi
1067 1980 1082 1996 .
1117 1939 1365 1995 ceterum
1393 1940 1468 1999 e&
1504 1947 1654 2002 illud
1676 1952 1845 2004 etiam
1874 1956 2030 2010 novi-

215 2032 330 2068 mus
361 2050 376 2074 ‚
417 2015 541 2065 aliis
572 2031 771 2085 quoque
799 2013 985 2071 rebus,
1002 2022 1208 2084 praeter
1219 2010 1446 2081 ferrum
1466 2050 1482 2078 ‚
1512 2036 1632 2072 cum
1659 2036 1905 2093 magnete
1935 2046 2026 2080 ne-

213 2082 567 2156 ceffitudinem
596 2082 916 2138 intercedere
941 2101 960 2138 .·
987 2083 1319 2156 maximeque
1347 2088 1584 2143 omnium
1620 2107 1790 2147 arena-
1818 2131 1835 2158 ‚
1861 2097 2016 2167 cujus

209 2159 284 2210 ad
306 2158 543 2211 recentia
570 2151 782 2236 scripta
790 2152 1046 2223 siccanda
1073 2154 1198 2228 usus·
1223 2172 1256 2207 a
1288 2158 1369 2211 ud
1390 2176 1477 2214 nos
1507 2161 1579 2235 cst
1608 2201 1624 2227 ‚
1654 2169 2014 2238 magneticam

208 2229 325 2288 vim
347 2226 561 2302 sentire
588 2227 866 2291 cernitur,
902 2226 1121 2301 velprae
1145 2223 1235 2304 sto
1272 2245 1297 2280 e
1322 2230 1431 2305 ipsa
1458 2231 1609 2306 ferri
1637 2275 1650 2289 .
1688 2235 2019 2313 Qanquam

208 2318 273 2356 ne
310 2302 372 2356 id
404 2301 612 2375 quidem
639 2301 852 2355 omnino
882 2315 971 2355 nos
1012 2301 1086 2353 aa'
1109 2299 1522 2372 abjudicandam
1561 2306 1873 2386 Vesuvianae
1903 2329 2020 2367 ma-

206 2377 358 2429 teriae
415 2392 613 2429 omnem
640 2367 791 2449 ferri
823 2371 1176 2446 admistionem
1215 2376 1354 2448 cogit
1384 2415 1396 2429 .
1452 2376 1718 2453 Siquidem
1745 2400 1779 2436 a
1810 2399 1938 2438 vero
1963 2404 2017 2440 e-

207 2447 349 2500 tiam
379 2464 484 2501 non
502 2445 722 2520 prorsus
748 2444 1007 2501 abhorret
1035 2483 1052 2511 ,
1082 2463 1300 2502 arenam
1329 2445 1492 2524 ipsam
1521 2488 1537 2514 ,
1566 2472 1727 2528 quam
1755 2457 2013 2522 diximus,

194 2513 347 2591 ferri
377 2529 538 2591 parte
568 2535 675 2574 non
702 2519 901 2574 modica
913 2515 1113 2592 saetam
1141 2519 1236 2594 effe
1258 2556 1274 2584 ‚
1294 2522 1603 2597 pcffundati
1631 2541 1815 2584 tamen
1840 2565 1856 2593 ‚
1884 2531 2011 2584 nul-

209 2589 354 2661 lique
367 2592 494 2664 jam
525 2591 749 2665 amplius
777 2593 1067 2666 ministerio
1102 2596 1220 2670 apti
1245 2631 1262 2658 ‚
1316 2600 1379 2653 oh
1407 2601 1702 2656 exercitam
1738 2603 1798 2656 in
1843 2602 2016 2676 ipsum-

207 2665 323 2718 vim
340 2662 755 2739 potestatemque
789 2667 1126 2741 praepotentis
1181 2665 1471 2747 cujuspiam
1508 2673 1691 2748 cauffae
1729 2711 1744 2737 ,
1800 2687 2008 2747 utputa

203 2738 373 2806 ignis:
405 2751 511 2809 qua
537 2736 594 2790 de
625 2754 684 2791 re
706 2734 948 2812 liquenti
980 2739 1189 2813 Capite,
1227 2740 1321 2796 ubi
1346 2745 1408 2798 de
1443 2745 1616 2800 cinere
1643 2746 2005 2823 lapidibusque

203 2805 521 2881 Vesuvianis
549 2809 898 2865 traiiabitur
929 2846 944 2873 ‚
961 2812 1234 2886 prolixius
1260 2813 1559 2890 differemus
1586 2859 1599 2873 .
1628 2821 1824 2895 Neque¹
1842 2838 2000 2885 vero,

205 2881 344 2955 qaod
359 2879 675 2959 propesitum
717 2882 789 2958 est
824 2900 857 2938 a
887 2882 963 2942 D.
1001 2883 1327 3015 Gotho-faedo
1378 2897 1404 2957 (
1435 2909 1468 2948 2
1497 2895 1526 2958 )
1570 2888 1720 2970 solas
1758 2892 2000 2969 obscurae

1327 2982 1363 3021 2
1810 2981 1928 3021 are-

258 3052 325 3107 (1)
379 3055 496 3120 lib-,52
512 3065 718 3116 pag.579.

263 3110 331 3166 (2)
388 3111 549 3167 Hister.
566 3116 770 3163 academ.
788 3118 1024 3176 scientiar,
1045 3136 1147 3169 ann.
1169 3136 1297 3176 1701.
