2373 3340
566 125 982 182 CAPUT
1084 113 1735 198 QUINTuM.
1909 131 1975 191 3,-

242 251 342 329 fi’d
366 273 483 310 eum
509 256 750 330 primum
789 271 821 306 a
860 255 1136 309 celeritate
1158 252 1265 326 sua
1305 267 1471 309 tanta
1512 257 1680 310 amnis
1719 255 1925 325 coeperit
1963 270 2053 308 ex-

258 327 425 382 cidere
455 364 468 390 ,
502 329 681 382 ordine
718 328 943 398 demergi
978 324 1155 380 videas
1195 338 1356 398 atque
1395 329 1466 379 ad
1500 331 1608 381 ima
1637 327 1853 380 detrudi
1874 329 2051 398 primo

246 398 606 470 ponderosiora
646 410 858 471 corpora
901 434 913 454 ,
950 397 1068 449 dein
1107 395 1359 465 leviora3
1398 401 1581 471 itaque
1636 399 1839 450 demum
1861 395 2052 472 fi’nsim

255 484 320 523 ac
344 472 667 543 pedetentim
694 511 710 538 ‚
742 467 1014 541 limpidam
1053 484 1248 540 aquam
1276 507 1291 532 ‚
1321 472 1561 542 omnique
1589 480 1860 543 corporum
1890 507 1904 534 ,
1935 473 2051 545 qui·

255 539 353 594 bus
390 543 746 617 occupabatur
801 577 817 602 ‚
870 539 1098 595 colluvie
1127 554 1425 615 purgatam
1455 581 1468 596 .

402 615 580 688 Atque
605 616 728 667 binc
742 607 962 685 faeflum
990 648 1004 673 ‚
1034 623 1101 666 ut
1133 617 1325 667 montis
1356 615 1551 670 radices
1592 616 1797 691 oppletae
1812 620 1935 696 jere
1964 628 2049 674 to-

254 686 458 754 taestnt
489 687 660 738 cinere
690 720 703 746 ,
742 679 1043 757 lapillisque
1070 684 1201 755 istuc
1229 722 1243 745 ‚
1285 704 1384 758 quo
1411 687 1644 743 diximus
1665 690 1820 760 patio
1848 733 1861 757 ‚
1891 697 1949 749 in
1978 691 2055 743 le-

255 760 413 813 vibus
452 755 617 809 etiam
656 753 1028 820 incensionibus
1066 755 1271 829 delapsis
1302 796 1315 809 .
1355 758 1433 813 At
1472 777 1598 815 vero
1615 764 1682 832 st
1709 763 2055 836 cofflagratio

245 825 533 902 saeviorfit
562 863 576 889 ‚
607 842 667 879 ac
697 827 1056 881 vehementior
1087 863 1102 890 ‚
1131 840 1253 883 tum
1279 832 1370 882 uti
1385 828 1578 905 fumus
1605 833 1703 908 ipse
1735 838 1795 889 vi
1825 839 2050 908 impetu-

251 918 353 976 que
373 910 527 974 prope
554 895 783 964 irfinitis
804 897 1056 967 partibus
1085 900 1286 970 majore
1323 918 1349 952 e
1388 912 1564 955 monte
1618 907 1853 973 erumpit
1893 926 1910 973 3
1967 908 2053 960 ita

255 973 451 1025 montis
491 970 694 1042 quidem
732 970 880 1042 effus
919 970 1116 1024 radices
1170 988 1275 1025 non
1333 972 1522 1026 cineris
1569 1011 1586 1039 ‚
1640 976 2055 1051 lapillorumqae

251 1041 424 1097 imbre
472 1079 485 1104 ‚
525 1039 628 1114 sed
650 1040 904 1096 horribili
935 1042 1251 1095 immanium
1266 1042 1531 1116 saxorum
1557 1083 1572 1109 ‚
1603 1064 1664 1102 ac
1682 1051 2054 1123 propemodum

255 1117 474 1186 rupium
510 1115 817 1183 ignitarum
851 1113 1082 1184 procella
1121 1127 1403 1169 vexantur
1431 1136 1446 1181 ,-
1487 1118 1545 1170 in
1565 1121 1731 1192 paulo
1758 1135 1941 1177 autem
1969 1139 2052 1175 re·

252 1185 568 1237 motioribus
595 1185 719 1237 locis
747 1185 1058 1253 lapillorum
1079 1185 1274 1255 pluvia
1278 1184 1368 1251 fit
1397 1205 1413 1240 .·
1451 1198 1574 1241 tum
1612 1196 1849 1247 materiae
1889 1195 2053 1265 magis

252 1257 472 1310 attritae
498 1290 514 1317 ,
554 1266 717 1323 atque
746 1269 779 1303 a
793 1249 977 1326 fumeo
1014 1253 1207 1306 traet'u
1234 1255 1419 1309 delatae
1441 1255 1684 1333 frustula
1703 1266 1948 1337 portione
1976 1278 2056 1319 te-

250 1329 447 1380 nuiora
504 1325 810 1397 levioraque
871 1323 1076 1396 longius
1123 1326 1409 1395 aliquanto
1457 1331 1680 1407 impulsu
1735 1335 1983 1391 decidant
2033 1353 2055 1402 3

247 1397 574 1473 quoadusque
603 1399 846 1450 minutus
875 1397 1004 1450 cinis
1036 1398 1310 1471 tenuisque
1348 1401 1444 1456 vel
1465 1406 1524 1456 in
1557 1406 1911 1480 remotiffi'mos
1941 1422 2053 1464 ter·-

246 1486 444 1524 rarum
471 1468 686 1524 troilus
718 1465 1025 1539 asportatus
1063 1508 1080 1532 ,
1135 1471 1426 1527 delabatur
1455 1492 1515 1529 ae
1542 1476 1761 1552 depluat
1801 1520 1814 1535 .
1869 1480 2049 1555 Atque

249 1541 343 1595 hoc
371 1539 517 1593 illud
540 1540 609 1612 est
647 1576 662 1602 ‚
717 1540 857 1612 quod
881 1535 1067 1614 pristis
1099 1543 1492 1618 recentibafque
1527 1552 1891 1607 incendiorum
1920 1570 2054 1609 nar-

249 1611 555 1668 rationibus
596 1612 837 1665 docemur
870 1651 888 1679 ,
946 1607 1266 1686 Vesuvianos
1303 1615 1494 1671 cineres
1536 1621 1631 1676 vel
1664 1623 1723 1676 in
1751 1623 2049 1699 AEgypeum

248 1701 632 1754 nonnunquam
658 1689 684 1747 <
694 1687 746 1746 1)
772 1717 791 1746 ,
827 1698 888 1738 ac
915 1683 1127 1756 Syriam
1167 1722 1181 1747 ,
1240 1687 1525 1760 aliquando
1553 1691 2049 1773 Constantinopolim

245 1755 537 1830 perveniffe
593 1774 609 1810 :
670 1753 1004 1827 frequentius
1041 1768 1223 1812 autem
1249 1760 1310 1814 in
1339 1760 1684 1820 Dalmatiam
1710 1808 1727 1834 ,
1766 1772 1826 1824 in
1852 1771 2054 1824 Adria-

250 1830 426 1885 ticum
454 1845 603 1882 mare
631 1865 646 1892 ‚
675 1830 834 1899 inque
861 1830 1173 1884 Provincias
1199 1830 1371 1904 Regni
1397 1832 1559 1905 hujus
1588 1839 1756 1910 nostri
1781 1841 2053 1915 remotff.

249 1917 366 1955 mas
395 1939 408 1952 .
448 1904 514 1954 ln
553 1916 712 1972 quam
751 1898 1126 1956 admirandam
1170 1903 1333 1976 plane
1385 1907 1622 1962 cinerum
1676 1909 2053 1987 diffi'pationem

237 1972 419 2044 juvat
478 1972 564 2026 bic
624 1973 890 2027 nonnulla
946 1974 1379 2028 animadvertere
1433 2014 1446 2027 .
1500 1981 1746 2036 Primum
1775 2004 1792 2039 ε
1833 1986 2053 2041 Nube-m

254 2043 395 2098 hanc
426 2040 577 2114 fumi
615 2038 905 2114 cinerisque
942 2043 1208 2113 ingentem
1236 2080 1251 2106 ,
1291 2063 1399 2117 quae
1435 2065 1461 2100 e
1496 2046 1722 2110 Vesuvio
1756 2056 2001 2131 exsargjt
2026 2094 2052 2122 .‚

240 2111 409 2188 facile
462 2125 626 2169 vento
679 2108 1023 2186 obsecundare
1065 2131 1083 2166 ε
1137 2129 1451 2190 quapropter
1477 2132 1644 2196 prout
1675 2129 1718 2178 is
1745 2145 1812 2181 ex·
1837 2126 2050 2200 diversa

249 2184 367 2240 caeli
403 2187 612 2257 regione
648 2185 1008 2259 adspiraverit
1035 2221 1050 2248 ‚
1089 2187 1147 2241 in
1184 2189 1446 2266 diversam
1483 2211 1682 2268 quoque
1710 2211 1925 2274 partem
1952 2202 2053 2277 fa-

248 2274 400 2324 mum
442 2259 609 2312 cineri
650 2258 859 2332 mistum
881 2254 1036 2327 ferri
1070 2276 1087 2311 ε
1132 2277 1348 2333 cumque
1385 2264 1649 2339 novffmo
1686 2273 1918 2329 incendio
1955 2276 2050 2330 hoc

240 2329 539 2403 plerunque
577 2330 835 2401 australes
876 2332 1032 2386 venti
1070 2329 1408 2389 obtinuerint
1439 2356 1457 2404 ,-
1508 2341 1701 2397 idcirco
1737 2346 2046 2418 importuna

244 2401 347 2455 hac
383 2399 739 2474 horribilique
765 2402 964 2475 pluvia
1013 2418 1076 2454 ea
1123 2414 1319 2475 praeter
1376 2421 1565 2466 caetera
1619 2414 1731 2470 loca
1786 2419 2040 2492 infestata

233 2468 376 2550 fient
407 2507 422 2531 ‚
462 2489 572 2539 ouae
599 2474 673 2526 ad
693 2472 1173 2548 septemtrionalem
1210 2481 1404 2533 montis
1423 2482 1643 2556 plagam
1663 2486 1808 2561 sunt
1827 2491 1995 2566 postca
2026 2527 2044 2555 ‚

246 2545 509 2599 nimirum
567 2541 726 2600 Urbes
782 2548 999 2600 Summa
1025 2586 1043 2613 ‚
1084 2546 1337 2622 Nolaque
1367 2589 1381 2613 ‚
1418 2570 1479 2608 ac
1517 2559 1728 2613 vicinus
1781 2562 1997 2617 trahitis
2023 2583 2042 2620 ε

243 2631 366 2669 cum
421 2616 633 2669 interea
695 2619 1075 2686 PompeJ‘anum
1104 2657 1120 2683 ,
1147 2620 1532 2682 Herculanium
1564 2666 1579 2693 ‚
1611 2632 1795 2687 Retina
1830 2672 1844 2696 ,
1876 2637 2050 2691 Porti-

245 2701 340 2739 cus
378 2723 393 2750 ‚
451 2686 748 2763 adfitusque
785 2707 911 2763 ager
954 2704 1129 2748 tantae
1166 2694 1501 2753 calamitatis
1527 2703 1744 2778 proffus
1771 2706 1932 2780 ψῃ
1960 2724 2050 2761 ex-

241 2768 418 2831 pertes
461 2777 478 2813 .·
535 2763 778 2833 quamvis
807 2766 921 2818 loca
952 2764 1050 2837 ista
1077 2767 1250 2821 minus
1280 2770 1555 2828 admodum
1581 2811 1597 2838 ‚
1653 2794 1813 2848 quam
1855 2783 2046 2855 priora

245 2831 351 2902 illa
379 2867 397 2892 ,
436 2847 470 2884 a
507 2845 685 2889 monte
712 2833 971 2907 distarent
997 2856 1016 2892 ε
1069 2855 1190 2894 cum
1216 2854 1340 2897 vero
1355 2853 1456 2918 per
1483 2847 1693 2921 aliquot
1722 2849 1824 2907 dies
1860 2889 1876 2916 ,
1919 2851 2046 2921 jam

1923 2940 1977 2979 ,θ-

312 2998 382 3054 (1)
438 2999 572 3056 Apud
591 3003 785 3053 Dionem
806 3035 820 3061 ‚
840 3011 881 3056 &
901 3006 1010 3066 §lios
1029 3043 1040 3055 .
1894 2925 1930 2980 d
