2373 3340
427 145 500 194 90
661 123 767 180 DE
820 119 1138 178 VESUVII
1192 117 1924 184 CONFLAGRATIONE

353 267 483 397 qstuas
501 250 747 400 μ’]ομφέε
775 251 861 309 hic
882 251 1150 327 pergimus
1177 286 1194 316 ,
1212 249 1380 327 potest
1406 251 1648 325 intelligi
1675 291 1691 307 .
1725 249 1946 309 Summa
1972 261 2157 309 autem

343 343 371 376 e
469 340 556 394 equ
582 343 662 379 mo
699 345 717 380 i
751 367 764 381 .
834 357 837 360 ·

495 398 562 451 In
594 418 595 422 ¹
620 402 907 454 Summano
962 399 1252 456 territorio
1303 398 1616 455 occurrebat
1648 433 1664 459 ‚
1694 397 1922 452 adeunti
1957 396 2159 457 seilicet

342 481 440 544 per
458 470 734 543 publicam
764 476 914 530 viam
941 510 956 538 ‚
987 491 1098 547 quae
1127 471 1195 527 ab
1221 470 1448 545 Neapoli
1473 489 1528 526 eo
1556 470 1707 525 ducit
1739 510 1754 532 ‚
1783 470 1915 524 cinis
1943 485 2159 528 centum

339 543 564 615 amplius
602 542 827 618 pastibus
884 557 1181 618 antequam
1250 546 1436 601 urbem
1501 543 1849 617 ingredereris
1892 580 1907 595 .
1963 543 2156 599 Urbem

346 631 474 669 vero
501 618 724 692 ingreſjo
754 622 930 674 omnia
954 615 1110 696 fusco
1137 619 1303 672 colore
1333 616 1496 686 obsita
1553 616 1889 672 videbantur
1938 626 2047 687 prae
2084 618 2163 671 ci-

346 704 469 743 nere
492 690 795 760 parietibus
823 690 1076 767 teetifique
1114 687 1485 760 adhaerescente
1514 727 1529 752 ‚
1557 704 1715 760 eaque
1748 688 1992 761 foedante
2021 705 2038 741 ε
2067 688 2162 759 qui

335 760 577 833 pluviali
606 776 746 835 aqua
767 757 982 834 solutus
1014 796 1027 820 ‚
1066 761 1126 811 in
1164 761 1433 827 quandam
1460 761 1645 812 veluti
1670 760 1888 812 mollem
1926 757 2148 832 maffam’

338 830 585 906 evaserat
607 853 622 898 3
654 853 763 904 quae
792 833 850 886 de
861 831 1090 905 summis
1117 826 1272 882 teins
1300 823 1526 901 dilapsa,
1553 836 1647 897 per
1667 834 1940 896 parietum
1993 843 2143 904 uper-

318 901 506 974 fieiem
536 906 812 979 depluebat
842 906 914 959 ad
936 922 1055 958 eum
1085 901 1319 961 modum,
1351 915 1450 973 quo
1480 892 1829 974 liquefactum
1844 899 2030 972 sebum
2049 913 2147 974 per

339 978 565 1032 candelae
594 975 803 1053 dorsum
829 979 1073 1032 decurrit
1099 1015 1111 1027 .
1142 973 1371 1029 Nullibi
1399 973 1726 1046 apparebant
1757 987 1919 1042 neque
1947 973 2152 1043 lapidea

339 1050 562 1102 ⁸uiarum
593 1046 787 1119 strata
817 1086 831 1111 ‚
889 1065 1049 1121 neque
1103 1045 1390 1099 earundem
1445 1045 1651 1101 lacunae
1688 1078 1703 1105 ‚
1744 1043 2155 1118 asperitatesque

330 1119 576 1191 priores-z
635 1117 729 1190 fed
749 1121 1008 1195 completa
1039 1119 1215 1172 omnia
1243 1153 1259 1179 ‚
1298 1114 1538 1172 contee‘la
1568 1154 1585 1180 ‚
1640 1127 1956 1188 aequataoue
1969 1111 2156 1189 super-

335 1188 533 1260 injeiio
557 1193 758 1263 glareae
793 1229 810 1256 ,
871 1209 1043 1247 arenae
1072 1187 1362 1262 cinerisque
1381 1192 1697 1260 pavimento
1726 1227 1740 1242 .
1781 1184 2157 1252 AEdfieiorum

334 1273 521 1316 autem
549 1268 609 1319 in
636 1281 689 1317 eo
721 1265 893 1337 oppido
936 1277 1027 1317 nec
1067 1262 1233 1314 ruina
1271 1260 1396 1314 ulla
1425 1295 1446 1324 ,
1482 1275 1571 1313 nec
1605 1260 1750 1312 labes
1776 1257 1904 1333 fuit
1935 1298 1949 1312 .
2006 1259 2150 1332 Ager

333 1337 500 1388 omnis
530 1348 823 1404 coaequatus
854 1376 873 1403 ‚
914 1329 988 1389 ἔθ’
1013 1332 1197 1392 veluti
1236 1332 1447 1398 stratus
1476 1341 1601 1384 erat
1631 1348 1795 1386 arena
1827 1367 1842 1389 ‚
1883 1332 2150 1404 einereque

331 1403 541 1485 desuper
571 1406 757 1483 illapso
782 1429 800 1476 ,-
833 1410 926 1474 oui
945 1416 1164 1483 propter
1190 1401 1424 1474 demiffas
1446 1402 1668 1478 pluvias
1697 1400 1991 1458 videbatur
2020 1419 2152 1475 qua·

310 1478 380 1549 st
407 1483 466 1535 in
505 1480 724 1553 maffam
752 1479 995 1553 coaluiffi’
1023 1501 1041 1547 ‚-
1073 1480 1160 1532 ita
1188 1489 1256 1530 ut
1281 1475 1440 1548 sorte
1468 1474 1739 1548 percuffus
1769 1485 1938 1546 atque
1965 1477 2105 1529 ἰδίας
2137 1511 2151 1536 ,

326 1553 497 1605 etiam
525 1554 704 1606 abiret
743 1555 803 1606 in
831 1550 1084 1625 frustula
1113 1586 1127 1600 .
1184 1546 1296 1602 Sub
1325 1549 1501 1619 primo
1538 1547 1634 1600 boc
1672 1551 1870 1602 cortice
1894 1544 2154 1614 stratove

327 1637 497 1676 arena
534 1622 746 1678 latebat
769 1621 966 1697 soluta
997 1659 1012 1681 ‚
1051 1633 1214 1692 atque
1243 1622 1303 1676 in
1332 1616 1545 1693 diversa
1571 1631 1697 1673 tum
1727 1620 2103 1692 magnitudine
2133 1654 2150 1682 ,

327 1704 453 1751 tum
482 1691 689 1770 aspeitu
705 1713 890 1768 grana
919 1692 1175 1766 distrabta
1206 1733 1220 1747 .
1274 1692 1553 1748 Cinereum
1588 1692 1740 1746 illud
1766 1693 2146 1766 pavimentum

330 1784 436 1822 non
454 1779 642 1843 parem
679 1769 874 1841 ubique
912 1767 1267 1824 altitudinem
1302 1764 1537 1822 babebat
1578 1786 1597 1834 5
1654 1762 1746 1837 fed
1767 1783 1820 1819 eo
1851 1764 2104 1837 majorem
2133 1797 2151 1826 ,

327 1857 431 1914 quo
459 1840 534 1894 ad
556 1852 784 1896 montem
806 1843 1020 1914 propius
1047 1838 1306 1913 acceffiffi’s
1345 1857 1362 1893 ε
1403 1837 1554 1908 cujus
1583 1839 1659 1892 ad
1681 1841 1912 1893 radicem
1943 1836 2147 1890 multos

318 1912 526 1987 palmos
556 1913 732 1968 altam
755 1908 912 1985 fuiffl’
937 1910 1211 1985 oportebat
1239 1931 1259 1978 ς
1317 1909 1528 1984 quando
1567 1929 1671 1965 non
1708 1912 1852 1964 modo
1872 1911 2140 1980 gramina

326 1980 402 2040 c&
434 1984 617 2059 stirpes
642 1981 885 2056 coopert'ae
896 1982 1137 2059 fuerant
1172 1982 1341 2036 omnes
1383 2019 1398 2044 ,
1452 1992 1618 2052 atque
1648 1982 1770 2034 adeo
1799 1978 2141 2054 consepultae3

321 2055 417 2133 fed
465 2060 567 2112 vix
623 2058 890 2129 majorum
944 2053 1203 2108 arborum
1252 2053 1446 2107 trunci
1462 2063 1595 2123 pars
1624 2054 1887 2106 nonnulla
1927 2062 2140 2103 exemia

329 2127 596 2184 eminebat
624 2171 637 2184 .
683 2133 745 2184 In
765 2129 1000 2202 planitie
1027 2143 1227 2200 quoque
1253 2124 1426 2180 berbae
1465 2140 1634 2178 omnes
1672 2134 1928 2197 occupatae
1970 2121 2141 2176 teiiae-

327 2218 427 2277 que
456 2239 471 2264 ‚
493 2198 854 2276 satadejeiia
885 2220 900 2255 ε
931 2211 1286 2271 notatumque
1311 2197 1383 2267 est
1411 2233 1427 2259 ,
1464 2196 1638 2252 caules
1662 2193 1900 2271 frugum
1917 2193 2144 2264 firmio-

326 2291 408 2329 res
438 2311 452 2336 ‚
493 2274 587 2348 qui
606 2272 716 2351 sese
757 2287 1028 2346 utcunque
1054 2286 1345 2325 exonerare
1383 2307 1398 2331 ‚
1456 2281 1623 2342 atque
1658 2270 1896 2339 expedire
1937 2270 2140 2323 cinereo

318 2347 548 2420 pondere
576 2345 881 2404 valuerunt
911 2383 925 2407 ‚
966 2361 1135 2398 omnes
1172 2346 1232 2397 in
1273 2341 1546 2417 oppofitam
1573 2343 1743 2396 monti
1766 2351 1988 2413 partem
2018 2355 2141 2393 cur-

327 2429 483 2471 vatos
512 2418 764 2493 deflexff
799 2438 813 2472 :
853 2418 995 2490 quod
1033 2416 1338 2471 documento
1367 2413 1495 2491 fuit
1525 2452 1541 2477 ,
1600 2417 1825 2469 cinerem
1865 2415 2015 2466 inter
2055 2410 2138 2461 la-

324 2487 548 2543 bendum
586 2493 852 2564 obliquam
897 2490 1046 2544 viam
1084 2485 1330 2560 institiffi’
1379 2525 1393 2551 ‚
1450 2498 1519 2541 ut
1574 2482 1825 2562 impulsus
1873 2481 2087 2560 seilicet
2122 2518 2139 2544 ‚

324 2579 476 2634 quem
512 2566 559 2617 ei
594 2576 789 2622 ventus
818 2561 1089 2616 indiderat
1119 2598 1133 2623 ‚
1182 2559 1491 2634 postulabat
1534 2578 1554 2614 .·
1608 2560 1751 2626 isque
1758 2559 1940 2632 flexus
1971 2566 2134 2626 atque

322 2634 612 2690 inclinatio
651 2638 710 2691 in
748 2632 1023 2706 adversam
1061 2636 1234 2688 monti
1264 2633 1485 2709 plagam
1523 2630 1718 2704 ubique
1748 2631 1968 2705 pariter
2006 2620 2144 2694 viſs-⁰-

322 2704 496 2760 batw·
524 2745 537 2758 ·
564 2708 836 2765 Arborum
851 2702 1068 2782 frondes
1097 2723 1266 2763 omnes
1293 2708 1390 2763 vel
1403 2705 1569 2777 plane
1595 2715 1846 2758 emortuae
1863 2740 1874 2762 ‚
1904 2697 1998 2755 vel
2023 2713 2134 2750 cer-

322 2790 380 2834 te
408 2781 650 2835 marcidae
705 2798 721 2834 x
776 2779 1057 2854 digitisque
1083 2782 1333 2834 contritae
1347 2778 1550 2852 statim
1578 2779 1639 2831 in
1658 2775 1936 2848 pulverem
1949 2766 2127 2844 solve-

319 2849 532 2907 bantur
560 2892 573 2907 .
605 2850 829 2926 Iaipsum
868 2851 925 2905 de
950 2847 1236 2925 fruetibus
1265 2863 1367 2926 pro
1399 2852 1648 2925 portione
1683 2844 1989 2926 putandum
2018 2838 2133 2922 essf

324 2939 384 2978 ea
420 2932 800 3001 ,tametLparte
836 2925 1001 2999 magis
1039 2926 1233 2981 vexati
1268 2935 1438 2981 erant
1468 2958 1486 2988 ,
1540 2935 1645 2996 qua
1665 2928 1904 2991 primum
1945 2914 2134 2996 fineris

1879 2998 2066 3042 ettam-
