2373 3340
407 139 478 199 84
643 127 747 187 DE
797 126 1114 185 VESUVII
1153 125 1895 189 CONFLAGRATIONE

324 255 617 329 repercussu
655 270 896 312 acuatur
925 257 1174 328 majorem
1212 257 1271 311 in
1311 255 1519 310 modum
1556 292 1572 318 ‚
1612 271 1776 326 atoue
1813 271 2085 331 augeatur
2104 275 2131 311 ·.

321 328 451 404 Qu
480 330 898 386 ratiocinatione
918 326 1231 402 fiebststente
1258 366 1273 393 ‚
1302 331 1361 383 in
1400 329 1605 383 incerto
1642 329 1713 400 est
1742 367 1756 391 ‚
1795 343 1944 402 egeat
1974 369 1988 394 ,
2019 348 2131 388 nec·

321 419 384 455 ne
414 438 429 464 ,
467 399 802 474 Vesuvianus
843 405 981 475 ignis
1012 402 1086 456 ad
1107 413 1318 456 terram
1340 397 1587 475 saxaque
1624 399 1981 469 vitrfficanda
2017 403 2129 475 ejus

318 474 421 546 opis
463 487 623 548 atque
647 472 868 550 subsidii
897 513 913 538 ,
949 474 1091 548 quod
1122 472 1191 544 est
1228 477 1558 529 caminorum
1585 475 1701 546 igni
1729 485 1856 527 arte
1883 478 2059 530 excito
2098 517 2119 544 ,

317 547 393 600 ad
407 543 660 621 sabulum
673 543 1015 620 fundendum
1043 584 1058 610 ‚
1116 548 1176 602 in
1205 550 1450 620 vitrique
1476 545 1703 600 indolem
1730 544 2124 603 traducendum

318 616 658 691 neceffarium
685 658 698 671 .
740 618 842 674 Sed
862 622 1000 674 enim
1028 619 1389 690 ambiguitate
1415 617 1513 672 hac
1541 620 1671 691 angi
1702 635 1789 673 nos
1822 652 1838 679 ,
1876 618 2035 690 deque
2062 635 2124 672 ea

314 691 563 746 laborare
592 708 696 745 non
725 691 864 745 decet
904 710 919 744 ε
939 691 1061 757 five
1088 695 1227 744 enim
1254 693 1364 761 ejus
1392 690 1709 746 adminiculi
1741 701 1859 761 opus
1896 686 2073 755 fuerit
2108 726 2126 753 ‚

297 761 418 833 five
440 764 599 836 plane
628 778 731 817 non
752 760 931 835 fuerit
969 781 987 827 3
1028 758 1162 836 sane
1191 776 1277 811 nec
1305 757 1525 826 Vesuvii
1556 762 1723 825 nollri
1751 755 1954 833 visi-era
1983 759 2129 836 fodi-

316 854 493 909 naeque
524 872 537 896 ,
577 852 665 890 nee
705 835 900 908 reliqui
937 849 1106 888 omnes
1144 829 1379 888 Vulcani
1436 843 1496 880 ea
1518 823 1734 900 salium
1774 834 1935 886 omnis
1964 851 2122 904 gene-

316 910 394 963 ris
424 910 563 983 copia
594 905 967 977 destituuntur
997 944 1012 969 ,
1049 922 1159 978 quae
1187 901 1282 958 vel
1305 899 1515 955 omnino
1542 901 1733 953 valeat
1763 902 1837 952 ad
1859 903 2126 972 vitrjfica-

316 982 515 1037 tionem
545 980 683 1034 banc
707 979 918 1048 prorsus
945 974 1335 1049 transigendam
1363 992 1383 1041 ς
1422 970 1516 1027 vel
1523 1039 1525 1041 ,
1530 968 1730 1043 saltem
1760 971 1835 1026 ad
1857 978 2128 1047 expedien-

319 1053 440 1107 dam
470 1070 586 1107 eam
614 1086 632 1115 ,
687 1048 759 1106 Εἴ
786 1049 1245 1128 consummandam
1271 1044 1612 1103 conducibilis
1619 1043 1709 1114 stt
1739 1085 1753 1100 .

315 1228 991 1345 CAPUT
1113 1223 2124 1379 QUINTUM

467 1454 584 1530 De
636 1457 934 1532 Cinere‚
986 1455 1212 1549 deque
1266 1449 1645 1547 Lapidibus
1695 1499 1718 1531 ,
1785 1477 1969 1551 quos

729 1559 1078 1629 Vesuvius
1130 1553 1424 1653 eje<stare
1474 1553 1647 1630 solet
1682 1604 1701 1624 .

492 1781 551 1838 D
584 1778 870 1854 pleniorem
910 1777 1159 1849 Historiae
1193 1778 1357 1853 hujus
1413 1774 1725 1854 Vesuvianae
1765 1786 1982 1852 captum
2021 1792 2125 1832 non
2171 1774 2175 1779 ’

306 1786 487 1968 Α
527 1857 636 1909 erit
666 1850 755 1905 abs
784 1870 841 1905 re
869 1854 1119 1908 nonnihil
1142 1856 1308 1909 etiam
1335 1854 1395 1908 de
1421 1850 1715 1924 Lapidibus
1766 1888 1783 1915 ,
1846 1852 2005 1923 deque
2033 1847 2123 1902 Ci-

527 1942 652 1982 nere
687 1940 721 1978 a
752 1922 974 1995 Vesuvio
1002 1924 1265 1980 eruetatis
1302 1926 1395 1980 boc
1433 1922 1614 1997 Capite
1651 1923 1822 1979 dicere
1878 1942 1897 1989 ‚-
1957 1921 2119 1995 deque

305 2021 488 2059 eorum
515 1996 685 2053 indole
713 2034 730 2061 ,
761 2007 924 2066 atque
949 1995 1213 2069 cffifflibus
1241 2016 1257 2050 :
1284 1995 1526 2062 etiamst
1544 1996 1692 2046 inter
1724 2012 1813 2056 ea,
1843 2011 1954 2067 quae
1969 1992 2115 2068 sunt

305 2074 451 2131 nobis
470 2065 643 2150 supra
670 2065 947 2141 disputata
986 2104 1001 2131 ,
1058 2067 1258 2122 barum
1293 2067 1460 2121 etiam
1489 2080 1675 2120 rerum
1704 2068 1905 2119 mentio
1944 2066 2118 2119 inter-

287 2144 444 2220 jefla
462 2145 546 2216 fit
586 2140 777 2197 multis
817 2142 875 2194 in
913 2139 1036 2196 locis
1065 2179 1077 2192 .
1135 2139 1272 2194 Sane
1299 2136 1501 2207 constat
1531 2137 1682 2190 inter
1711 2135 1907 2207 nostros
1936 2174 1950 2199 ‚
1986 2153 2118 2207 qua·

303 2222 387 2274 vis
416 2214 695 2273 tolerabili
729 2214 896 2267 etiam
935 2249 953 2276 ,
1007 2230 1066 2267 ac
1097 2230 1160 2268 ne
1187 2210 1433 2266 mediocri
1462 2208 1667 2283 quidem
1696 2210 2113 2281 cozssagratione

300 2288 523 2366 Vesuvii
562 2326 579 2353 ,
633 2289 782 2343 inter
800 2283 951 2357 fumi
966 2283 1146 2358 globos
1176 2281 1460 2358 confertim
1480 2280 1799 2356 prodeuntes
1829 2296 2113 2353 nunquam

299 2382 408 2419 uon
445 2364 637 2417 cineris
669 2394 684 2421 ‚
728 2356 851 2426 five
888 2374 1059 2411 arenae
1098 2360 1365 2430 ingentem
1405 2357 1603 2429 copiam
1640 2350 1981 2423 conjunetam
2019 2348 2115 2423 effe

301 2431 613 2507 confueviffe
649 2449 665 2484 :
723 2447 834 2504 quae
871 2430 1024 2484 donec
1049 2426 1202 2503 fumi
1228 2425 1471 2494 densioris
1499 2428 1701 2498 impetu
1719 2422 2066 2501 sustentetur
2097 2457 2116 2486 ,

300 2524 418 2562 cum
449 2523 502 2560 eo
525 2498 741 2581 prorsus
770 2498 1127 2572 confunditur
1157 2537 1174 2563 ‚
1223 2498 1377 2555 nullo
1407 2510 1476 2552 ut
1499 2496 1658 2572 plane
1694 2495 1890 2551 indicio
1933 2496 2118 2566 digno-

297 2576 368 2646 sci
396 2581 546 2633 inter
560 2571 620 2652 fi’
648 2612 664 2639 ‚
701 2570 1022 2648 discernique
1074 2573 1303 2629 valeant
1332 2590 1350 2625 .·
1391 2567 1492 2644 sed
1514 2566 1669 2644 fumi
1699 2566 1859 2644 cursu
1889 2570 2115 2639 impetu-

283 2641 397 2724 ”rsue
425 2650 524 2725 ipso
551 2689 568 2715 ‚
611 2664 709 2720 quo
739 2641 904 2717 magis
945 2641 1224 2718 dffpatur
1254 2682 1269 2707 ,
1307 2638 1571 2718 magisque
1601 2639 1669 2694 ab
1699 2653 1855 2696 ortus
1880 2639 1977 2713 sui
2006 2638 2110 2691 ini-

296 2724 392 2777 tiis
431 2719 698 2793 reccfferit
737 2756 753 2782 ,
803 2717 1081 2789 paulatim
1121 2718 1438 2772 remittente
1469 2750 1485 2777 ,
1529 2713 1720 2786 incipit
1748 2713 1878 2768 cinis
1908 2709 2003 2790 ille
2031 2708 2115 2761 de-

294 2795 464 2852 cidere
488 2815 507 2863 ‚·
531 2794 776 2868 primum
807 2790 1010 2863 quidem
1028 2790 1298 2863 grandior
1317 2788 1656 2861 graviorque
1685 2822 1701 2848 ‚
1728 2797 1849 2839 tum
1880 2781 2118 2862 reliquus

291 2868 512 2943 deinceps
546 2902 562 2928 ‚
601 2862 776 2937 ferme
807 2877 866 2915 ea
894 2863 1001 2934 lege
1031 2864 1256 2935 rituque
1291 2895 1308 2923 ,
1353 2875 1454 2931 quo
1497 2871 1678 2913 cernas
1705 2854 2004 2925 influmine
2030 2851 2116 2924 fa-

285 2939 383 2994 cele
410 2937 716 3016 rapidffmi
743 2937 1010 2995 terrentis
1042 2936 1102 2993 vi
1126 2930 1498 3010 pareresaxa
1528 2967 1545 2996 ‚
1582 2939 1794 2984 terram
1826 2961 1841 2991 ‚
1869 2941 2121 2979 arenam:

1948 2992 2040 3078 see
