2373 3340
417 161 492 224 46
647 149 752 205 DE
803 141 1122 202 vEsuvn
1170 136 1895 202 coNFLAGRATroNE

347 283 485 336 enim
543 279 694 344 illa3
753 275 893 351 quod
914 284 1055 332 certe
1098 307 1114 336 ,
1171 272 1229 326 ni
1286 269 1516 345 liqueret
1559 307 1576 334 ,
1633 272 1843 327 omnino
1899 286 2006 329 non
2044 266 2156 347 post

371 364 421 407 et
456 391 468 404 .

330 352 384 428 s
492 428 692 482 Verum
713 421 775 492 si
805 424 920 500 quis
954 419 1101 493 forte
1128 420 1266 475 banc
1292 419 1406 475 vim
1414 416 1626 490 fluendi
1655 455 1669 481 ‚
1692 415 1785 489 feu
1815 453 1831 480 ‚
1875 433 2037 490 quam
2066 434 2147 472 re-

346 498 486 554 blius
528 499 727 553 dix-eris
767 534 784 561 ‚
841 495 1210 570 liquiditatem
1248 489 1561 567 Vesuvianae
1601 490 1840 544 materiae
1896 487 2147 558 ejusmodi

347 572 656 642 abjudicare
695 571 835 627 velit
867 607 881 632 ‚
919 566 1132 640 sibique
1159 560 1476 640 persuadeat
1513 601 1528 626 ‚
1586 572 1857 618 torrentes
1889 561 2027 632 hosce
2067 564 2159 617 nil

347 644 454 712 nisi
477 643 694 716 massam
723 643 988 715 quandam
1016 638 1110 713 ‘ff’
1138 637 1496 710 ambustorum
1527 637 1782 690 ruderum
1811 668 1826 695 ‚
1859 631 2147 704 cinerisque

347 718 515 788 igniti
559 752 575 779 ,
633 731 846 785 eamque
872 714 984 786 solo
1023 712 1264 767 ‘uiolento
1304 710 1700 780 continentique
1742 718 1893 758 motu
1931 704 1997 757 ab
2037 707 2152 776 igni

330 787 569 868 suscepto
599 785 813 858 defluere
870 801 887 836 τ
942 798 1046 835 non
1088 777 1240 852 secus
1279 792 1442 845 atque
1465 780 1809 852 conspicimus
1842 814 1854 836 ‚
1882 772 2027 849 saxa
2062 796 2151 829 ωε-

346 872 634 933 mentaque
662 856 893 939 subruti
934 849 1135 921 aedificii
1164 865 1270 903 uno
1299 842 1496 924 deferri
1534 847 1732 916 impetu
1773 886 1787 909 ‚
1845 851 2149 921 moverique

347 930 423 990 ἔθ’
452 930 818 1007 quodammodo
827 928 1004 1000 fluere
1032 961 1048 988 ‚
1082 921 1148 993 fi
1166 920 1267 975 loci
1295 930 1505 973 natura
1536 919 1798 990 patiatur
1852 929 1876 984 (
1906 924 1992 973 cui
2022 932 2148 994 pm-

340 1003 779 1085 feilosententiae
817 1009 1141 1054 momentum
1184 991 1369 1047 addere
1408 985 1514 1064 ipsa
1553 989 1819 1045 torrentis
1847 994 2144 1046 etiamnum

329 1080 562 1151 fluentis
619 1073 992 1145 contemplatio
1037 1065 1187 1142 poffit
1244 1084 1262 1131 ς
1321 1064 1503 1137 quippe
1541 1065 1600 1116 in
1641 1078 1741 1134 quo
1782 1060 1931 1115 nihil
1956 1073 2152 1131 praeter

343 1143 744 1221 confratt'orum
773 1142 1010 1216 lapidum
1039 1139 1326 1211 congeriem
1355 1172 1370 1197 ,
1398 1145 1686 1207 terraeque‚
1716 1149 1776 1189 ac
1805 1134 1997 1188 cineris
2013 1142 2153 1205 prae-

346 1232 510 1294 rupte
539 1219 819 1271 ruentium
847 1252 864 1277 ‚
900 1210 1109 1284 seseque
1135 1206 1354 1278 viciffim
1381 1207 1768 1274 impellentium
1784 1265 1789 1273 q
1789 1202 2006 1276 speciem
2035 1203 2146 1256 tibi

347 1293 529 1349 videre
556 1288 788 1346 videaris
820 1283 962 1354 ‚sine
989 1281 1102 1336 ullo
1132 1276 1466 1351 liquiditatis
1495 1275 1688 1329 indicio
1713 1281 1738 1339 )
1781 1276 1845 1344 sz'
1876 1277 1992 1346 quis
2022 1312 2036 1335 ‚
2065 1275 2149 1330 in-

344 1380 508 1439 quam
535 1400 551 1426 ,
579 1365 665 1417 ita
694 1361 968 1435 opinetur,
997 1356 1039 1408 is
1057 1351 1224 1430 facile
1251 1348 1319 1404 ab
1349 1362 1407 1399 ea
1436 1349 1669 1422 opinione
1696 1346 1943 1420 discedet,
1955 1344 2023 1414 st
2041 1347 2146 1400 duo

333 1449 542 1515 praeter
582 1445 756 1490 cetera
795 1431 970 1486 animo
1009 1423 1353 1501 reputaverit
1385 1458 1397 1474 .
1452 1422 1637 1474 Primo
1667 1423 1872 1495 quidem
1912 1457 1928 1482 ‚
1969 1418 2031 1495 st
2050 1418 2145 1474 vel

331 1508 505 1590 semel
527 1509 599 1562 ad
634 1509 876 1562 internas
895 1502 1195 1573 fluminum
1223 1494 1455 1568 istorum.
1460 1505 1647 1567 partes
1677 1497 1921 1548 animum
1952 1493 2148 1547 adver-

347 1583 491 1638 terit
519 1617 536 1643 ‚
575 1576 910 1651 deprehendet
942 1587 1061 1627 tam
1080 1567 1260 1641 solida
1299 1566 1475 1617 omnia
1505 1603 1520 1625 ‚
1578 1566 1736 1636 inque
1767 1582 1938 1617 unum
1965 1564 2149 1617 veluti

344 1662 530 1726 corpus
559 1649 786 1720 coigflata
817 1682 831 1710 ,
864 1654 1027 1719 atque
1055 1637 1319 1714 compaffta
1342 1645 1436 1707 per
1466 1634 1526 1689 id
1553 1651 1701 1691 omne
1729 1675 1745 1700 ,
1776 1651 1876 1710 quo
1905 1634 2150 1688 decurre-

342 1727 471 1780 rint
498 1760 515 1787 ,
536 1720 805 1796 spatium,
843 1728 911 1771 ut
942 1715 1150 1769 omnino
1178 1709 1461 1779 intelligat
1492 1704 1651 1774 ,fieri
1684 1725 1787 1762 non
1801 1706 1938 1781 poſje
1969 1744 1985 1770 ‚
2015 1708 2150 1779 quin

322 1798 493 1871 fluxa
522 1793 827 1867 liquidaque
856 1789 1032 1861 primo
1070 1797 1129 1837 ea
1169 1784 1400 1835 materia
1429 1780 1703 1853 exstiterit
1746 1818 1760 1844 ,
1816 1796 1926 1853 quae
1968 1779 2148 1833 deinde

344 1875 406 1925 in
438 1879 658 1923 tantam
704 1863 1040 1943 soliditatem
1079 1856 1445 1924 duritiamque
1485 1851 1785 1924 conccffirit
1828 1892 1839 1904 .
1899 1850 2145 1926 Rursum

342 1941 524 2013 crusta
553 1979 567 2001 ‚
598 1936 875 2013 quaesaxis
907 1969 921 1995 ‚
961 1948 992 1984 a
1021 1938 1266 1986 torrente
1293 1929 1441 1978 inter
1451 1927 1732 1997 fluendum
1762 1923 1977 2000 aay'citis
2001 1960 2017 1986 ‚
2049 1924 2143 1977 ad-

346 2012 581 2086 haerescit
610 2018 636 2076 <
664 2028 772 2083 quae
801 2007 1061 2060 nimirum
1088 1998 1266 2068 crusta
1279 1995 1547 2069 saxorum
1576 1996 1804 2071 ipsorum
1813 1995 2042 2068 figurae‚
2075 2006 2146 2048 ut

348 2080 551 2141 dilium
579 2124 595 2149 ,
627 2082 856 2156 apprime
880 2071 1143 2151 respondet
1169 2073 1196 2134 )
1225 2066 1473 2138 locupleti
1497 2067 1805 2122 documento
1835 2070 1903 2142 est
1933 2105 1946 2129 ,
1976 2061 2141 2141 ipsam

345 2157 635 2230 aliquando
672 2151 878 2206 mollem
892 2147 1217 2222 fluidamque
1234 2138 1397 2212 fuisse
1426 2157 1441 2190 τ
1483 2151 1549 2191 ut
1581 2140 1639 2192 de
1667 2139 1834 2196 clavis
1866 2182 1882 2209 ‚
1915 2137 2138 2215 aliisque

345 2228 646 2302 corporibus
702 2224 1026 2301 extrinsecus
1066 2214 1309 2286 affumtis
1362 2224 1628 2266 taceamus
1662 2249 1674 2273 ‚
1732 2231 1842 2285 quae
1899 2211 2139 2265 materiae

345 2301 496 2374 istius
518 2296 883 2373 penetralibus
912 2286 1166 2361 artissime
1196 2280 1513 2359 cohaefi’runt
1543 2307 1558 2337 ε
1599 2282 1704 2351 nisi
1732 2286 1872 2337 enim
1901 2282 2138 2336 materia

345 2376 452 2428 illa
492 2372 662 2425 mollis
682 2370 921 2441 primum
946 2355 1198 2434 exstitiffi’
1247 2367 1482 2431 ponatur
1515 2395 1528 2419 ,
1589 2357 1773 2411 nullus
1815 2355 2092 2427 intelliget
2123 2389 2141 2418 ,

346 2447 442 2518 qm·
468 2444 716 2500 valuerit
746 2454 805 2492 ea
833 2440 927 2495 ‘uel
959 2449 1077 2492 tam
1130 2429 1294 2498 facile
1325 2427 1571 2500 arceffi’re
1602 2465 1616 2491 ‚
1674 2429 1770 2483 cuel
1791 2441 1911 2482 tam
1940 2429 2134 2482 intime

345 2506 614 2591 compleiii
642 2555 654 2569 .
710 2515 877 2567 Porro
906 2524 1091 2566 curam
1122 2507 1256 2558 hanc
1297 2499 1628 2574 labrremque
1667 2499 1941 2571 afferendae
1980 2498 2144 2570 liqui-

348 2591 545 2643 ditatis
583 2585 1006 2663 Vesuvianorum
1063 2577 1301 2631 amnium
1341 2574 1533 2628 idcirco
1589 2569 1900 2646 suscepimus
1933 2610 1947 2633 ,
2007 2586 2133 2641 quo-

348 2663 499 2717 niam
529 2670 795 2714 torrentes
824 2657 913 2710 hos
943 2650 1128 2720 cuffim
1143 2647 1314 2723 semel
1335 2683 1351 2710 ,
1379 2659 1481 2701 aut
1510 2648 1714 2700 iterum
1742 2642 2086 2699 intuentibus
2113 2677 2132 2704 ,

346 2731 676 2809 baudfacile
706 2732 913 2786 veritas
946 2728 1258 2799 innotescere
1278 2718 1441 2794 potest
1471 2737 1489 2785 3
1523 2716 1797 2794 plureliyue
1814 2712 1956 2790 sunt
1986 2751 2000 2775 ‚
2040 2715 2135 2784 qui

344 2806 443 2862 vel
464 2823 644 2860 errore
671 2848 686 2871 ,
719 2803 813 2858 vel
828 2793 1072 2878 perverso
1101 2793 1342 2869 loquendi
1370 2789 1487 2864 usu,
1518 2809 1617 2844 non
1652 2791 1789 2866 fatis
1828 2787 1987 2856 hujus
2016 2801 2129 2838 ma·-

343 2879 494 2938 teriae
519 2878 744 2934 indolem
782 2871 1065 2948 c'gnoviffi’
1101 2870 1360 2928 videntur
1388 2886 1406 2933 ς
1446 2881 1565 2918 cum
1596 2859 1708 2915 eam
1739 2861 1908 2914 alteri
1936 2858 2132 2929 pulve-

341 2967 455 3006 rem
481 2987 498 3017 ‚
526 2952 695 3007 alteri
722 2956 950 3023 cinerem
976 2982 995 3012 ,
1024 2943 1194 3020 alteri
1209 2939 1458 3015 glaream
1497 2935 1880 3012 appelll'fflrlnt
1910 2951 1928 2998 ἱ
1975 2944 2041 2984 ut
2075 2928 2136 2984 dv·

1884 3001 2064 3080 Gaffio-
