2373 3340
423 172 500 222 74
656 145 762 204 DE
811 143 1133 201 vEsuvn
1181 136 1908 204 CONFLAGRATIONE

347 294 543 353 magna
566 271 778 353 salium
814 276 900 330 vis
929 290 954 326 e
986 271 1179 326 multis
1201 271 1360 349 saxis
1391 307 1405 333 ‚
1460 271 1630 327 colore
1658 278 1807 330 inter
1829 271 1893 351 [ξ’
1923 269 1996 329 6⁵9²
2012 287 2151 347 gra-

337 355 531 409 vitate
560 347 927 424 differentibus
959 382 975 408 ‚
1013 344 1231 400 collecta
1289 343 1358 418 cst
1400 357 1566 411 atoue
1596 342 1810 421 seposita
1852 369 1869 403 ε
1925 360 2052 403 tum
2080 345 2152 400 li-

348 427 603 498 quatione
629 420 778 498 faita
809 421 870 477 in
897 418 1029 486 vasis
1058 414 1299 495 discretis
1342 455 1357 480 ‚
1397 417 1743 484 adhibitoque
1784 418 2107 494 microscopio
2134 456 2152 483 ,

350 499 771 572 deprehendimus
802 514 817 549 :
843 495 1013 568 primo
1043 488 1264 566 nilfere
1297 489 1466 571 salem
1505 508 1537 544 a
1572 490 1680 565 fale
1715 507 1741 543 e
1779 492 1991 562 diversis
2021 493 2159 564 lapi-

347 571 499 628 dibus
537 572 716 627 elicito
753 565 1083 640 discrepare:
1141 565 1318 621 deinde
1348 561 1480 635 salis
1521 564 1682 635 bujus
1726 564 2002 620 elementis
2029 562 2152 642 fi’re

348 644 532 701 nullas
562 657 747 719 partes
784 639 1101 715 formarum
1128 641 1551 711 primitivorum
1594 634 1805 714 salium
1848 634 2109 712 supereffe
2136 656 2154 691 s

351 718 522 774 tertio
561 713 793 785 maffulae
832 712 908 762 hae
949 711 1276 779 apparebant
1314 709 1589 777 inufitatae
1604 708 1810 782 figurae
1841 746 1854 772 ‚
1896 709 2158 776 ramofae3

348 786 766 861 ramusculisque
793 781 1050 836 extremis
1077 779 1358 849 inaequales
1380 780 1647 848 plurimae,
1688 778 1992 853 acutiffi'mae
2022 820 2037 844 ‚
2068 783 2155 836 lu-

350 862 703 936 cidiffimaeque
733 850 1029 931 pyramides
1074 847 1431 921 dependebant
1461 867 1478 902 .·
1535 850 1788 922 interque
1827 851 2157 931 ramusculo-

355 953 483 990 rum
510 930 813 1003 interstitia
842 921 1175 1001 longiuscula
1205 922 1439 996 quiedam
1467 931 1685 998 corpora
1710 957 1723 981 ‚
1752 924 2022 998 eademqne
2033 924 2158 1001 sca.

358 1007 488 1068 bra,
518 1002 807 1072 interjeiia
844 1009 1007 1054 erant
1038 1037 1056 1064 ‚
1095 1012 1243 1068 aequa
1281 996 1546 1049 diametro
1585 992 1817 1048 laterali
1849 1030 1864 1055 ‚
1892 998 2158 1065 cylindris,

358 1071 859 1148 bacillifve'fimilia
889 1089 908 1136 3
949 1067 1215 1121 nonnulla
1253 1070 1421 1121 etiam
1469 1063 1753 1141 prismatis
1791 1063 1922 1133 bafis
1955 1070 2164 1142 polygo-

354 1168 433 1204 nae
465 1189 479 1203 .
537 1149 603 1201 In
641 1148 853 1219 aliquot
893 1138 1445 1213 crjstallizationibus
1480 1137 1790 1213 corpuscula
1830 1141 1998 1194 etiam
2034 1158 2168 1214 quae-

351 1222 475 1275 dam
503 1231 702 1276 notata
722 1218 868 1289 sunt
908 1251 923 1274 ‚
965 1211 1149 1265 cubica
1166 1209 1367 1282 figura
1404 1231 1424 1277 ‚-
1467 1209 1569 1279 sed
1592 1228 1652 1261 ea
1686 1213 1790 1263 vix
1806 1209 2116 1283 pauciffima
2145 1231 2165 1267 .-

351 1311 454 1365 quo
481 1293 838 1365 experimento
867 1282 999 1360 effici
1019 1278 1154 1357 poffi’
1182 1284 1408 1337 videtur
1439 1322 1456 1349 ‚
1468 1278 1590 1355 sali
1618 1278 1924 1356 Vesuviano
1941 1295 2163 1357 partem

347 1367 517 1420 etiam
572 1360 893 1419 nonnullam
950 1356 1098 1410 nitri
1123 1392 1140 1419 ‚
1159 1351 1403 1429 salisque
1430 1355 1637 1409 marini
1692 1351 1976 1429 inspersam
2016 1355 2157 1428 cff23

347 1437 596 1513 quamvis
625 1453 729 1491 non
765 1432 944 1487 omnia
961 1425 1105 1500 sax-a
1132 1430 1289 1501 aequis
1318 1445 1508 1483 earum
1544 1442 1734 1482 rerum
1766 1427 2022 1499 partibas
2064 1432 2163 1483 im-

349 1511 491 1575 buta
497 1509 622 1579 sint
655 1527 671 1562 ε
701 1522 861 1579 eaque
889 1504 1032 1559 nobis
1068 1502 1383 1555 tentamina
1397 1497 1588 1575 saepius
1616 1502 1851 1571 repetita
1866 1498 2010 1572 sunt
2041 1538 2057 1564 ,
2088 1497 2161 1557 ὅ

335 1583 547 1659 salium
605 1582 742 1650 copia
799 1573 1053 1646 inaequali
1107 1612 1122 1626 .
1184 1586 1206 1623 1
1225 1587 1268 1624 1.
1301 1567 1402 1644 sal
1438 1568 1778 1643 Vesuvianus
1823 1584 2022 1642 aquam
2049 1611 2066 1636 ,
2102 1577 2163 1628 in

346 1670 456 1730 qua
474 1652 629 1730 forte
650 1648 894 1729 solvitur
931 1685 950 1712 ,
1013 1644 1267 1715 majorem
1295 1648 1356 1701 in
1385 1643 1592 1698 modum
1628 1639 1901 1718 frigidam
1929 1643 2106 1698 reddit
2136 1664 2157 1712 3

348 1727 584 1799 idemque
601 1722 944 1799 proportione
965 1717 1177 1791 peificit
1208 1720 1267 1772 in
1297 1719 1410 1772 alio
1438 1717 1627 1790 quovis
1656 1716 1866 1787 liquore
1896 1752 1912 1778 ‚
1936 1725 2160 1787 praeter-

347 1815 512 1874 quam
541 1799 601 1852 in
631 1794 859 1866 vulgari
887 1790 993 1844 oleo
1023 1808 1040 1843 s
1071 1807 1178 1864 qua
1208 1790 1269 1846 in
1296 1809 1355 1847 re
1384 1793 1468 1847 vis
1484 1785 1624 1864 salis
1652 1788 1815 1858 hujus
1844 1790 2012 1861 nostri
2042 1808 2162 1844 cum

348 1870 601 1942 vulgaris
628 1863 946 1922 ammoniaci
973 1861 1240 1935 fffflibus
1267 1867 1519 1936 congruit
1549 1881 1565 1916 ε
1587 1873 1952 1936 praeterquam
1982 1897 1997 1923 ,
2028 1862 2171 1935 quod

280 2009 283 2012 ,
350 1943 477 2000 vini
522 1939 786 2016 spiritum
840 1934 1173 2010 Vesuvianus
1188 1934 1289 2010 sal
1315 1934 1613 2009 refrigerat
1643 1952 1748 1990 non
1777 1935 2112 1991 mediocriter
2140 1953 2156 1991 ε

354 2016 520 2071 illum
544 2053 559 2079 ,
588 2016 812 2084 inquam
840 2047 856 2073 ‚
886 2004 1054 2081 ipsum
1065 2004 1333 2079 spiritum
1361 2009 1484 2062 vini·
1514 2041 1530 2067 ‚
1587 2010 1674 2060 cui
1703 2004 1803 2073 (st
1820 2008 1874 2060 F
1875 2007 2164 2063 lorentinae

358 2087 644 2145 Academiae
672 2091 697 2150 (
706 2090 761 2150 1)
767 2079 936 2149 fidem
962 2079 1157 2136 babere
1184 2078 1459 2143 velimus)
1486 2077 1734 2139 nullum,
1765 2089 1867 2132 aut
1896 2090 2040 2133 certe
2068 2081 2169 2134 mi-

357 2163 566 2218 nimum
589 2155 814 2233 frigoris
833 2153 1071 2225 gradum
1087 2146 1188 2224 sal
1210 2153 1566 2208 ammoniacus
1594 2148 1835 2219 insinuat
1864 2190 1877 2204 .
1925 2167 2007 2206 12.
2034 2153 2173 2206 dua-

360 2233 456 2289 bus
472 2230 611 2307 salis
638 2226 933 2308 Vesuviani
960 2227 1133 2281 unciis
1172 2225 1232 2280 in
1269 2225 1441 2279 unciis
1481 2241 1629 2299 aquae
1667 2221 1780 2277 οὲἵο
1805 2220 2010 2297 solutis
2043 2260 2057 2284 ,
2096 2224 2171 2277 il-

361 2308 553 2380 lucque
579 2300 955 2359 thermometri
973 2297 1092 2373 pila
1121 2293 1394 2372 immersa,
1422 2298 1561 2371 quod
1586 2305 1709 2353 erat
1740 2295 1924 2350 altum
1986 2296 2172 2353 ollices»

358 2380 525 2434 decem
564 2373 636 2433 65
673 2374 784 2430 otto
827 2393 845 2440 3
902 2387 1042 2442 aqua
1072 2372 1259 2425 ardens
1297 2371 1370 2424 ad
1404 2383 1641 2444 quatuor
1670 2367 1883 2442 pollices
2031 2386 2164 2444 qua-

360 2452 610 2506 drantem
639 2445 863 2522 deprcffa
891 2444 958 2516 cst
997 2462 1013 2496 :
1067 2446 1162 2516 qui
1197 2447 1387 2517 utique
1424 2439 1740 2517 depreffi'onis
1771 2442 1950 2498 modus
1981 2446 2026 2497 is
2053 2443 2124 2515 est
2149 2479 2166 2507 ‚

358 2540 461 2599 quo
490 2540 766 2595 nunquam
793 2516 1034 2574 deveniri
1053 2513 1198 2592 solet
1229 2534 1531 2591 quocunque
1568 2518 1626 2570 in
1655 2528 1798 2588 aqua
1821 2510 1935 2586 sale
1967 2513 2164 2590 resolu-

363 2610 442 2656 to,
481 2596 576 2651 vel
606 2593 708 2669 ipso
738 2593 1076 2646 ammoniaco:
1116 2591 1268 2663 cujus
1296 2603 1437 2644 certe
1465 2591 1580 2649 vim
1608 2606 1728 2642 cum
1755 2582 2020 2644 Dominus
2052 2590 2159 2643 Go-

366 2666 642 2742 tbofredus
697 2667 1081 2722 thermometro
1106 2659 1207 2736 suo
1245 2662 1468 2718 totidem
1492 2659 1774 2734 pollicibus
1804 2661 1924 2715 alto
1950 2672 2172 2716 tentare

353 2741 684 2816 probareque
736 2731 1049 2810 instituiffi’t
1093 2771 1108 2796 ‚
1165 2733 1439 2811 consecuta
1468 2732 1539 2807 cst
1566 2730 1800 2807 deprffo
1829 2733 1902 2788 ad
1924 2733 2172 2802 triginta

367 2826 481 2871 tres
509 2812 676 2869 lineas
703 2819 730 2880 <
735 2819 820 2880 2).
851 2806 955 2866 His
981 2809 1167 2881 itaque
1193 2806 1389 2864 duobus
1415 2807 1787 2881 experimentis
1813 2806 1964 2931 inte?
1993 2804 2044 2881 le
2071 2804 2175 2861 col-

1952 2881 2059 2935 atis

425 2961 491 3016 (1)
548 2964 654 3011 Vid.
676 2958 756 3004 sub
774 2958 912 3005 titulo
930 2959 1236 3018 Experimenta
1252 2955 1366 3000 circa
1385 2956 1603 3000 nonnullos
1624 2950 1781 2996 caloris
1800 2951 2064 3015 frigorisque
2082 2917 2182 3012 e'ffe-

443 3034 459 3060 Ι
481 3052 490 3061 .
723 3048 732 3057 .
793 3050 803 3060 .

368 3017 491 3129 3¹22>
516 3023 851 3124 nggzrsffiarfiur
867 3075 1149 3120 Monumenta
1169 3068 1416 3117 Academia
1439 3063 1921 3124 scientiarsParifienfis
1940 3081 2176 3121 ann-1700.
