2373 3340
377 132 410 179 6
562 125 668 179 DE
719 121 1038 178 VESUVII
1087 120 1815 181 CONFLAGRATIONE

301 250 371 324 est
407 251 712 323 intelligere
740 288 752 311 ‚
811 267 911 325 quo
940 261 1114 324 nempe
1148 249 1301 326 pafflo
1330 251 1506 322 ingens
1537 266 1722 304 rerum
1750 249 2000 323 ejusmodi
2031 264 2119 307 ac-

301 323 624 393 censz‘bilium
661 322 823 395 maffa
852 327 1013 378 intra
1049 335 1210 378 terrae
1240 319 1441 396 viscera
1469 322 1575 376 hac
1605 324 1847 398 illucque
1875 321 2070 402 diffusa
2098 359 2117 388 ‚

299 397 360 450 in
389 397 619 469 aliquem
633 393 789 472 forte
816 394 995 449 locum
1013 393 1199 473 sensim
1226 393 1548 468 congestastt
1578 431 1593 457 ‚
1649 406 1812 466 atque
1840 400 1898 452 in
1928 414 2111 453 cumu-

302 469 420 521 lum
445 469 627 524 veluti
664 467 1009 544 succreverit
1044 488 1058 521 ε
1101 481 1224 524 tum
1253 483 1360 543 qua
1389 469 1601 522 ratione
1628 467 1793 539 masfa
1821 470 1995 523 eadem
2021 484 2112 522 ex-

300 543 415 594 cita
441 579 454 604 ‚
483 544 871 614 exagitataque
898 578 914 605 ‚
939 553 1106 613 atque
1133 545 1191 595 in
1207 538 1483 618 fervorem
1513 537 1701 592 adaffia
1737 542 1874 613 ignis
1902 541 2113 612 exstite-

301 614 388 668 rit
420 633 436 679 3
468 615 560 685 qui
588 626 749 669 terrae
777 612 953 686 crusta
972 612 1466 689 superincumbenti
1491 609 1708 684 disjeffia
1739 651 1753 675 ‚
1782 615 1841 668 in
1872 626 2121 687 apertum

298 687 539 757 eruperit
571 721 587 748 ,
624 702 782 758 eaque
812 685 1131 758 praestiterit
1159 691 1337 739 omnia
1361 722 1376 748 ,
1404 704 1516 758 quae
1545 701 1663 740 eum
1678 682 1988 760 spontaneis
2017 685 2121 738 ali-

295 775 526 831 quorum
584 755 819 811 locorum
862 756 1364 827 conflagrationibus
1393 757 1641 828 conjungi
1681 757 2072 831 consueverunt
2104 794 2119 810 .

301 830 440 885 Sane
493 829 605 900 ejus
663 830 743 884 rei
798 830 1094 904 exemplum
1147 823 1500 902 specimenque
1546 830 1854 901 suppeditat
1912 828 2119 885 Chemi-

296 920 419 958 cum
448 898 747 967 artificium
782 941 795 964 ‚
822 917 920 973 quo
951 906 1165 956 Aurum
1196 906 1222 965 (
1233 904 1286 963 1)
1309 909 1552 973 paratur
1581 935 1597 961 ‚
1638 902 1779 969 quod
1810 902 2117 955 Futminans

294 975 642 1049 appellarunt
682 993 698 1028 ε
741 989 851 1045 quae
879 967 1090 1047 scilicet
1130 971 1357 1043 mistura
1397 987 1501 1025 non
1529 970 1673 1026 modo
1702 971 1778 1023 ad
1801 972 2114 1046 levifflmum

300 1051 382 1102 rei
414 1043 669 1122 cujusque
700 1045 927 1100 calentis
957 1044 1236 1100 attab‘ium
1264 1039 1484 1121 iga-nesbit
1511 1064 1530 1111 3
1559 1060 1753 1100 verum
1779 1047 1946 1099 etiam
1984 1061 2108 1099 cam

302 1120 515 1189 ingenti
545 1115 838 1192 displosione
869 1153 882 1177 ‚
912 1116 1102 1192 quibus
1118 1115 1273 1193 forte
1300 1113 1541 1189 conclusa
1569 1114 1640 1186 cst
1668 1153 1682 1176 ‚
1739 1112 1872 1187 vasa
1899 1114 2117 1190 diffrin-

289 1192 386 1264 git
418 1209 435 1256 ς
473 1190 689 1264 aliaque
726 1183 888 1261 efficit
928 1186 1228 1259 hujusmodi
1254 1223 1270 1250 ,
1324 1199 1393 1239 ut
1435 1206 1468 1238 a
1503 1186 1737 1259 fulmine
1770 1188 1832 1242 ob
1858 1203 1973 1241 eam
2001 1205 2118 1240 rem

305 1280 494 1318 nomen
523 1264 802 1317 invenerit
834 1298 847 1311 .
903 1262 1174 1315 Praeterea
1211 1257 1579 1314 celeberrimus
1608 1258 1895 1330 Lemeryus
1937 1264 2031 1325 (2)
2055 1274 2122 1313 ex

303 1335 475 1407 Regia
501 1334 872 1389 Scientiarum
907 1330 1192 1401 Parffiensi
1210 1331 1493 1386 Academia
1522 1368 1540 1395 ,
1593 1334 1751 1404 aequis
1803 1330 2081 1407 fuqiburis
2109 1370 2126 1398 ,

299 1405 547 1481 ferrique
575 1407 773 1462 detriti
800 1404 1059 1478 partibus
1098 1419 1241 1479 aqua
1280 1399 1519 1478 aafieifis
1556 1403 1776 1477 maſjam
1818 1406 2073 1476 conflavit
2104 1442 2121 1469 ‚

298 1498 413 1555 quae
443 1494 604 1535 terrae
616 1478 890 1554 supprfita
917 1514 934 1541 ‚
994 1479 1392 1551 ignivomarum
1436 1481 1702 1531 montium
1733 1479 2014 1550 imaginem
2041 1495 2124 1532 re-

299 1551 488 1624 tulff'
515 1549 631 1628 visa
659 1555 728 1626 est
760 1592 772 1605 .
823 1552 977 1606 Nam
993 1549 1107 1622 post
1135 1545 1480 1619 interjebiam
1507 1548 1619 1602 01:70
1648 1586 1664 1610 ,
1708 1562 1810 1604 aut
1840 1550 2005 1604 decem
2036 1551 2127 1605 ho-

298 1641 498 1680 rarum
527 1641 733 1678 moram
763 1660 778 1685 ‚
837 1635 994 1677 terra
1024 1620 1194 1694 maffae
1223 1617 1751 1696 buicsuperindubia
1773 1623 2018 1696 primum
2047 1624 2129 1678 in-

301 1698 521 1752 tumuit
552 1736 570 1762 ,
602 1707 725 1751 tum
756 1696 922 1750 rimas
951 1696 1062 1767 egit
1096 1730 1111 1756 ‚
1165 1711 1233 1747 ex
1262 1696 1453 1765 quibus
1476 1689 1786 1768 sulphureae
1813 1690 2127 1771 exspiratio·

306 1786 395 1824 nes
425 1769 658 1824 calentes
689 1804 704 1831 ‚
734 1767 953 1822 tandem
957 1769 1195 1840 flammae
1224 1766 1338 1841 ipfae
1365 1767 1656 1846 evaserunt
1687 1805 1702 1820 .
1720 1765 1876 1834 *Haec,
1907 1767 2123 1843 aliaque

303 1842 366 1897 id
381 1858 548 1913 genus
579 1837 944 1894 Chemicorum
972 1836 1172 1914 opificia
1200 1836 1670 1915 circumfhruntur
1700 1876 1715 1904 ‚
1761 1857 1795 1894 a
1829 1839 2018 1914 quibus
2046 1857 2129 1894 re-

304 1911 562 1986 censendis
576 1909 981 1989 fitpersedemus‚
1012 1913 1094 1967 his
1123 1917 1364 1968 contenti
1392 1914 1690 1968 dumtaxat
1723 1950 1741 1978 ,
1767 1930 1878 1986 quae
1906 1913 1980 1967 ad
2014 1930 2128 1969 rem

300 1988 398 2044 vel
419 1987 622 2041 leviter
650 1983 1074 2038 adumbrandam
1084 1981 1233 2060 satis
1260 1984 1367 2057 effe
1387 1988 1704 2063 putavimus
1735 2025 1749 2039 .

446 2057 656 2132 Qibus
692 2061 778 2111 ita
809 2053 990 2130 politis
1017 2093 1033 2118 ‚
1091 2073 1236 2112 nemo
1263 2075 1370 2113 non
1395 2058 1545 2114 videt
1574 2097 1592 2125 ,
1614 2060 1796 2130 plures
1827 2059 1887 2111 in
1914 2056 2122 2134 Neapo-

300 2132 482 2187 litano
511 2148 670 2203 regno
696 2131 903 2201 ignium
917 2127 1198 2209 scatebras
1226 2132 1369 2185 omni
1394 2142 1557 2186 aetate
1588 2130 1680 2204 ‘ff'
1709 2129 1959 2202 debuiffie:
1990 2146 2122 2205 qua-

301 2222 430 2260 rum
448 2207 661 2278 partim
669 2204 792 2274 five
820 2204 1092 2274 vetustate
1118 2201 1269 2271 ,five
1295 2203 1452 2258 celeri
1479 2203 1807 2259 extinc‘iione
1831 2238 1847 2264 ‚
1858 2201 1982 2272 sive
2009 2203 2125 2257 alia

306 2294 415 2350 qua
447 2275 624 2352 cauffo
654 2275 820 2330 omnis
842 2278 1059 2346 penitus
1089 2277 1340 2338 memoria
1368 2277 1592 2331 interiit
1622 2282 1648 2342 (
1679 2277 1866 2349 itaque
1889 2276 1950 2330 in
1978 2276 2130 2331 colli·

308 2351 404 2405 bus
434 2349 564 2402 urbi
603 2348 676 2402 ad
709 2348 942 2424 occasum
979 2389 997 2416 ,
1022 2343 1463 2421 septemtrionem
1493 2385 1508 2411 ,
1538 2360 1702 2423 atque
1738 2359 1925 2402 ortum
1953 2348 2131 2403 immi-

307 2420 560 2478 nentibus
591 2438 710 2476 cum
740 2422 813 2474 ad
834 2423 971 2476 hanc
1003 2419 1165 2494 usque
1191 2421 1325 2476 diem
1354 2417 1427 2477 ἔθ’
1465 2420 1715 2493 combusti
1756 2420 1948 2493 lapides
1978 2457 1995 2485 ,
2052 2415 2128 2478 ὃ

306 2495 439 2551 cinis
469 2532 484 2557 ‚
515 2495 731 2565 aliaque
758 2492 1059 2566 hujusmodi
1086 2494 1448 2548 incendiorum
1474 2494 1786 2549 documenta
1819 2490 2081 2567 supersint
2105 2527 2128 2559 ‚

307 2583 368 2620 ea
410 2568 722 2621 nonnemini
749 2574 838 2633 (3)
865 2568 1033 2640 opinio
1062 2568 1275 2630 insedit,
1305 2567 1418 2621 loca
1447 2564 1616 2638 istbaec
1646 2567 1908 2640 quondam
1936 2567 2122 2640 confla-

293 2635 475 2715 graffe
503 2675 521 2705 ‚
548 2638 701 2711 cujus
738 2651 924 2696 tamen
953 2641 1034 2695 rei
1061 2639 1223 2696 nulla
1251 2639 1396 2715 apud
1427 2640 1657 2695 homines
1695 2639 1949 2694 memoria
1992 2637 2124 2693 reli-

1939 2727 2050 2786 qao

364 2850 383 2902 (
405 2845 455 2898 1)
513 2845 726 2894 Gaffend.
745 2846 867 2893 liba.
898 2845 953 2891 de
971 2845 1165 2894 Meteor.
1196 2861 1292 2905 cap.
1317 2863 1355 2903 ς.
1401 2851 1591 2906 Lemery
1634 2847 1766 2896 Curs.
1803 2845 1956 2893 Chim.
1975 2860 2069 2907 par,
2091 2859 2134 2897 1.

304 2918 459 3015 ‘³5⁴2ss
514 2961 918 3028 Histor3Ac3dem.
948 2962 1106 3007 Scient.
1129 2977 1331 3016 an.1700.

359 3023 380 3074 (
401 3033 421 3076 3
442 3019 463 3071 >
519 3018 758 3068 Comehus
781 3036 827 3067 sn
843 3019 1233 3076 progymnasmate
1251 3019 1492 3077 posthumo
1511 3021 1561 3069 de
1581 3018 1773 3077 Senfibus
1794 3030 1978 3083 pag.50.'
