2373 3340
392 111 493 161 ret
521 96 592 160 in
622 90 846 158 lucem
878 136 895 165 ‚
945 88 1199 184 quibus
1247 85 1390 183 lpse
1417 89 1766 182 auspicato
1793 83 2184 155 Porticibus

389 200 462 263 in
492 192 892 286 voluptario
916 194 1298 263 diversorio
1344 191 1740 263 consedisti.
1792 190 1958 279 Qo
1984 194 2057 260 in
2087 189 2191 257 lo-

386 320 517 372 co,
564 312 926 388 ceteraque
953 300 1314 364 vicinitate
1341 318 1500 363 cum
1530 289 1776 387 paffim
1815 307 2187 362 occurrant

390 387 912 467 admirabilium
951 394 1155 492 hujus
1185 403 1573 491 propinqui
1602 401 1863 465 montis
1887 399 2193 489 eruptio-

389 501 943 571 numluculenta
973 501 1253 590 vestigia
1292 525 1312 586 3
1364 499 1579 594 poffet
1625 498 1940 568 videlicet
1991 497 2193 565 isthic

390 599 1025 672 monumentdrum
1079 600 1485 695 hujusmodi
1532 603 1684 671 usus
1731 603 1798 670 δε
1851 617 2190 693 opportu-

391 710 557 775 nior
587 752 606 782 ‚
653 728 871 800 quam
901 704 1065 772 alibi
1089 706 1385 797 usquam
1418 754 1434 779 ‚
1486 706 1553 774 &
1593 704 1966 797 jucundior
1994 707 2191 770 inve-

390 814 531 878 niri
560 860 577 876 .
625 808 884 902 Neque
923 831 1094 877 vero
1122 810 1605 899 interpretatio
1632 807 1777 875 haec
1831 806 2060 875 nostra
2105 828 2187 872 eo

388 910 529 981 huc
579 908 888 980 arcessita
937 910 1246 1003 putanda
1295 909 1386 980 est
1438 956 1456 984 ‚
1514 906 1627 978 vel
1675 926 1752 977 ut
1799 906 2191 977 cunctatio-

388 1017 498 1081 nis
527 1014 772 1083 nostrae
803 1060 820 1088 ,
868 1037 1021 1104 quae
1073 1013 1252 1079 forte
1300 1015 1722 1080 nonnemini
1767 1014 1894 1079 vix
1941 1009 2188 1076 tolera-

390 1113 546 1184 bilis
616 1112 761 1185 visa
823 1113 1033 1182 fuerit
1088 1160 1105 1187 ‚
1173 1113 1695 1182 excusationem
1742 1135 2188 1206 pararemus3

387 1217 503 1288 vel
547 1236 624 1287 ut
672 1244 748 1286 ea
798 1221 1037 1284 omnia
1066 1261 1083 1290 ,
1135 1239 1290 1309 quae
1340 1216 1422 1284 ad
1453 1215 1559 1285 Te
1612 1213 1919 1305 Regem,
1969 1212 2192 1282 Tuas-

386 1344 525 1413 que
571 1346 671 1390 res
719 1324 1071 1413 pertinent
1100 1365 1118 1394 ‚
1166 1323 1401 1386 arcani
1452 1318 1793 1411 planeque
1829 1317 2060 1386 divini
2084 1321 2197 1386 in-

390 1423 680 1494 stinctus
710 1439 878 1491 nota
927 1422 1230 1515 quadam
1278 1422 1345 1489 δε
1400 1416 2195 1509 characteremfignire-

390 1549 586 1595 mus,
634 1527 739 1594 Ut
786 1526 975 1591 enim
1003 1524 1120 1591 hic
1144 1524 1225 1591 de
1255 1521 1455 1594 nobis
1482 1520 1612 1617 ipfi
1645 1539 2035 1607 taceamus3
2084 1538 2191 1590 tot

385 1627 743 1726 tantisque
792 1626 1229 1695 documentis
1279 1625 1630 1696 intellecta
1673 1627 1812 1722 jam
1861 1622 2189 1693 omnibus

392 1731 488 1801 est
535 1756 615 1803 ea
665 1779 685 1809 ,
736 1753 892 1826 quae
943 1727 1219 1821 fingula
1264 1727 1556 1799 confilia
1602 1744 1974 1823 coeptaque
2025 1726 2190 1795 Tua

391 1840 770 1903 comitatur
820 1831 1111 1904 felicitas
1161 1858 1181 1918 ς
1230 1849 1520 1928 tamque
1566 1837 1642 1902 in
1694 1836 2016 1903 omnium
2067 1828 2186 1898 illa.

389 1961 510 2007 ore
560 1938 916 2020 versatum
968 1935 1154 2004 nihil
1199 1953 1277 2004 ut
1328 1937 1464 2004 hoc
1510 1934 1666 2003 loco
1713 1935 1849 2003 dici
1898 1959 1937 2000 a
1985 1929 2187 2002 nobis

391 2041 655 2135 majore
701 2039 1083 2110 hominum
1132 2038 1583 2108 consenfione
1634 2036 2011 2132 plausuque
2061 2060 2187 2128 po-

377 2143 625 2214 ·tuiffet
673 2194 690 2210 .
747 2143 912 2214 Nifi
964 2143 1157 2235 quod
1208 2145 1450 2210 animo
1501 2140 1978 2235 reputantibus
2032 2152 2187 2206 tum

393 2245 605 2340 ipfius
653 2271 770 2339 per
817 2246 880 2316 se
933 2250 1026 2313 rei
1075 2248 1490 2314 tenuitatem
1542 2290 1562 2320 ‚
1639 2262 1792 2313 tum
1845 2264 2064 2339 quam
2111 2264 2189 2309 ea

396 2348 868 2418 imbecillitate
907 2352 1177 2438 ingenii
1226 2346 1446 2416 nostri
1494 2371 1745 2416 manca
1795 2344 2188 2438 vitiosaque

391 2453 627 2521 futura
673 2448 761 2519 fit
800 2476 821 2539 5
867 2455 994 2520 vix
1042 2449 1407 2520 ferendum
1456 2445 1772 2520 officium
1819 2447 2188 2522 videatur,

397 2555 801 2648 superarum
848 2550 1236 2622 caussarum
1277 2599 1295 2628 ‚
1333 2574 1522 2646 ‘quas
1573 2551 1900 2624 Tuarum
1944 2571 2184 2621 rerum

393 2656 995 2750 consiliorumque
1039 2654 1484 2725 administras
1529 2654 1902 2727 destinavit
1948 2653 2139 2721 Deus
2167 2690 2186 2726 s

390 2764 542 2830 vim
592 2784 668 2829 ac
718 2759 1122 2855 potestatem
1187 2762 1263 2826 in
1334 2758 1542 2854 hujus
1621 2761 1874 2852 operis.
1915 2773 2182 2849 partem

393 2861 712 2934 arcessere
771 2911 790 2930 .
869 2863 1090 2931 Satius
1158 2863 1396 2957 itaque
1478 2861 1572 2933 est
1647 2878 1726 2930 ut
1798 2858 2187 2952 fateamur,

1940 2956 2112 3007 aequm
