2373 3340
190 81 307 216 C
501 70 649 207 A
843 70 984 213 R
1181 70 1321 208 O
1526 75 1635 214 L
1836 80 1978 219 O

418 321 817 395 REGI
937 320 1755 398 AvasTo

300 522 1866 622 ATQVE'OPTIMO

201 1449 870 1628 xxbgffiqffgs‘}
932 1509 1220 1606 quidem
1290 1530 1610 1606 reputare
1713 1538 1843 1584 nos
1904 1514 1982 1584 Ii-

198 1608 350 1687 ῗὶὲ
380 1600 818 1685 κθωῆθβκ
877 1633 984 1684 cet
1035 1660 1055 1689 ,
1131 1613 1462 1708 peculiari
1533 1617 1764 1687 divini
1822 1616 1980 1687 Nu·

193 1726 404 1791 minis
479 1716 776 1789 confilio
855 1717 1398 1787 memorandum
1478 1719 1619 1789 hoc
1685 1719 1986 1789 Vesuvii

188 1825 585 1893 extremum
639 1821 1048 1892 Incendium
1103 1824 1348 1915 primis
1419 1821 1582 1917 ipfis
1657 1818 1984 1891 Iaetiffimi

194 1926 423 2016 Regni
451 1927 597 1994 Tui
645 1929 893 2001 annis,
923 1923 1073 1992 Rex
1129 1927 1439 2016 optime,
1488 1923 1846 2001 accidiffe‚
1896 1943 1978 1996 ut

191 2033 403 2099 exciti
455 2027 590 2096 hac
642 2026 1001 2096 occasione
1074 2030 1145 2096 in
1199 2025 1426 2116 Regio
1475 2027 1759 2098 Animo
1810 2029 1981 2097 Tuo

187 2135 507 2227 pietatis,
587 2131 1088 2223 providentiae,
1168 2130 1633 2224 ingenuaeque
1674 2131 1985 2225 phiIoso-

188 2235 411 2332 phicae
459 2229 816 2322 cujusdam
891 2225 1310 2302 curiositatis
1384 2230 1612 2303 sensus
1661 2259 1810 2304 non
1861 2258 1985 2327 po-

189 2337 366 2434 pulis
414 2333 595 2404 Tuis
666 2337 881 2405 modo
929 2382 949 2412 ‚
1025 2331 1134 2404 sed
1206 2337 1342 2402 toti
1407 2352 1751 2406 terrarum
1828 2335 1982 2405 orbi

189 2436 524 2536 perspetsti
592 2438 808 2510 effent
868 2461 887 2507 ε
969 2439 1380 2532 proximum
1444 2439 1543 2508 *est
1616 2445 1824 2510 etiam
1905 2456 1984 2508 ut

192 2545 565 2635 opinemur
637 2589 656 2620 ‚
737 2539 930 2612 fatali
1003 2535 1202 2634 quasi
1276 2547 1809 2634 opportunitate
1882 2538 1982 2609 fa-

192 2645 390 2716 stum
438 2641 616 2721 esse,
660 2658 737 2711 ut
785 2642 1012 2716 noster
1061 2642 1182 2710 hic
1227 2644 1454 2738 qualis
1503 2647 1731 2741 qualis
1759 2647 1981 2716 Com-

193 2750 575 2818 mentarius
603 2794 624 2824 ,
673 2752 886 2820 variis
937 2769 1172 2816 rerum
1196 2744 1460 2817 cafibus
1486 2749 1570 2818 ad
1600 2750 1735 2819 hoc
1761 2750 1980 2840 usque

192 2871 461 2947 tempus
485 2848 839 2923 extrastus
863 2899 884 2933 ‚
906 2851 1187 2924 tandem
1213 2873 1334 2945 per
1361 2851 1563 2952 hosce
1590 2854 1727 2925 dies
1750 2849 1987 2949 prodi·

1209 2959 1239 2993 ff
1308 2966 1349 3004 2
1823 2959 1908 2999 tet
