2373 3340
385 118 504 184 ⁷22
656 117 762 176 DE
814 109 1134 171 VESUVII
1187 106 1920 171 CONFLAGRATIONE

344 254 531 311 totius
561 247 759 309 montis
790 242 1107 321 conspebtum
1134 243 1331 299 ademit
1363 279 1378 306 ‚
1406 239 1756 317 quamvis&
1773 240 2016 322 fremitu
2042 236 2146 316 ipso

347 323 607 380 horribili
638 337 886 393 magnam
914 319 1154 373 materiae
1191 319 1519 391 eruptionem
1549 351 1566 379 ,
1621 336 1733 391 quae
1752 315 1917 390 paulo
1941 315 2048 392 post
2069 315 2147 390 se-

341 409 477 453 cuta
506 395 576 471 est
604 436 621 464 ,
650 398 963 449 minaretur
985 411 1003 459 ,·
1035 386 1107 446 ἔθ’
1133 386 1530 464 conferteſjimas
1555 390 1804 444 tenebras
1820 385 2138 464 frequentes

342 470 455 524 illae
478 467 860 544 coruscationes
884 465 1161 520 interdum
1183 463 1511 538 discuterent
1543 499 1557 526 ‚
1615 460 1793 535 quales
1832 465 1890 517 in
1928 463 2137 533 magnis

342 540 565 618 Vesuvii
608 539 1112 614 conflagrationibus
1153 533 1286 614 saepe
1324 534 1513 607 vidisse
1541 535 1873 588 meminimus
1902 569 1917 594 ‚
1941 533 2141 610 fulmi-

343 630 473 670 num
501 615 727 670 illorum
738 612 945 683 similes
974 648 990 675 ‚
1030 629 1142 685 quae
1169 615 1308 685 ignes
1339 610 1554 683 quidam
1583 603 1865 678 artificiosi
1885 603 2136 681 aptiffi'me

338 685 723 762 repraefi’ntant
748 721 763 748 ‚
793 701 854 739 ac
887 685 1137 738 Fen-mos
1165 683 1363 755 vulgus
1393 681 1626 755 appellat
1657 719 1669 731 .

463 762 508 830 J
513 775 598 812 am
627 759 806 830 igitur
834 771 860 805 e
892 753 1131 825 disrupto
1169 772 1340 807 recens
1369 756 1564 808 neentis
1596 754 1772 807 latere
1811 753 1991 826 ingens
2026 755 2140 807 mal

331 835 488 891 'teriae
544 827 816 887 candentis
857 818 931 879 ἔθ’
976 820 1277 898 liquefaiiae
1313 834 1524 875 torrens
1553 858 1570 884 ‚
1628 825 1826 893 majore
1854 844 2016 901 quam
2035 837 2135 899 pro

333 923 479 961 more
507 908 708 979 impetu
738 938 753 964 ‚
783 893 854 953 Εἴ
883 898 975 971 qui
1003 898 1171 951 etiam
1199 895 1400 948 eminus
1431 895 1620 946 notari
1638 897 1803 966 poffiet
1834 935 1850 961 ,
1877 917 1937 953 ea
1967 910 2133 973 parte

330 974 570 1053 deorsum
594 973 891 1050 ferebatur
921 1007 938 1034 ,
995 988 1106 1044 quae
1133 970 1377 1024 Retinam
1412 962 1614 1037 [peitat
1648 984 1663 1019 :
1703 983 1861 1039 quam
1900 971 1962 1024 ob
2012 991 2126 1028 rem

327 1050 658 1123 consternati
712 1046 923 1099 omnino
960 1043 1339 1116 oppidanorum
1377 1039 1550 1092 animi
1578 1074 1593 1101 ,
1645 1038 1898 1112 tristiora
1934 1042 2085 1115 longe
2116 1082 2134 1110 ,

328 1137 494 1196 'quam
524 1125 883 1192 praeceperant
917 1148 932 1175 ‚
990 1111 1412 1189 exspectantium
1447 1128 1463 1164 :
1499 1127 1620 1164 cum
1659 1124 1868 1186 repente
1909 1126 2130 1169 torrens

328 1206 559 1267 uterque
591 1229 603 1252 ‚
633 1203 862 1263 quorum
893 1186 1040 1239 alter
1072 1183 1295 1237 Boscum
1324 1220 1340 1244 ,
1370 1194 1440 1235 ut
1470 1182 1734 1241 diximus,
1766 1186 2016 1240 Retinam
2047 1187 2130 1239 al-

330 1279 420 1322 ter
443 1262 664 1338 petebat
691 1257 962 1328 ‚sz'stitur3
994 1273 1054 1310 ac
1074 1253 1293 1331 fulgore
1316 1251 1598 1326 paulatim
1630 1253 1841 1326 amiſjo,
1871 1257 2028 1329 quast
2044 1275 2138 1312 ex-

326 1337 503 1396 tinzfto
533 1337 650 1409 igni
678 1374 695 1400 ‚
720 1331 836 1407 spes
866 1327 1066 1403 injecta
1086 1325 1335 1404 fortunae
1366 1324 1598 1379 melioris
1631 1364 1642 1377 .
1680 1328 1832 1384 Nam
1861 1333 2001 1400 quod
2024 1331 2136 1401 eja-

324 1412 514 1469 culato
541 1427 567 1462 e
597 1409 802 1464 vertice
831 1403 1137 1474 ingentium
1149 1393 1447 1472 saxorum,
1478 1399 1695 1464 cineris,
1727 1394 1799 1455 Εἴ
1816 1397 1968 1478 fumi
1997 1394 2138 1459 tur-'

321 1485 446 1542 bine
477 1483 648 1537 adbuc
678 1495 819 1534 mons
846 1474 1069 1554 fureret
1101 1511 1117 1538 ‚
1149 1469 1220 1528 ἔθ’
1232 1468 1432 1545 sonitu
1449 1465 1712 1543 fremeret
1740 1475 2017 1541 horribili,
2047 1470 2121 1530 &

319 1555 604 1628 nunquam
634 1555 951 1622 interrupto
972 1583 987 1608 ‚
1024 1548 1229 1601 leviora
1263 1555 1405 1599 certe
1436 1546 1540 1598 haec
1568 1547 1747 1600 omnia
1777 1548 1954 1601 videri
1975 1551 2130 1622 pote-¹

318 1638 458 1684 rant
478 1638 588 1700 prae
619 1627 683 1677 iis
720 1660 735 1687 ‚
765 1639 875 1693 quae
904 1630 1113 1673 certum
1141 1633 1202 1672 ac
1226 1614 1443 1691 praefi’ns
1472 1616 1708 1670 exitium
1738 1618 2130 1676 minabantur.'

319 1700 572 1755 Ceterum
602 1714 705 1753 non
740 1697 832 1751 diu
868 1709 926 1746 ea
957 1693 1135 1745 animo
1166 1701 1410 1763 concepta
1421 1685 1539 1762 spes
1570 1688 1780 1757 mansit.
1804 1689 1954 1746 Nam
1983 1695 2130 1749 circa

320 1774 547 1827 mediam
587 1768 789 1825 not-”tem
820 1803 835 1828 ‚
877 1768 1080 1818 iterum
1139 1763 1276 1836 ignis
1314 1761 1497 1817 <ueluti
1535 1762 1830 1832 integratis
1860 1766 2075 1820 viribus
2108 1802 2126 1831 ‚

318 1862 429 1919 qua
459 1859 598 1899 nova
633 1841 764 1896 data
790 1850 949 1912 porta
970 1834 1167 1911 fuerat
1198 1872 1211 1896 ‚
1267 1837 1326 1890 in
1352 1834 1671 1907 rapidiorem
1699 1873 1715 1898 ,
1756 1835 2129 1912 majoremque,

321 1936 486 1992 quam
527 1928 691 1970 antea
722 1950 735 1977 ‚
776 1922 1079 1967 torrentem
1118 1905 1311 1961 auitus
1348 1943 1365 1970 ‚
1406 1924 1599 1978 magna
1639 1909 1806 1962 etiam
1841 1912 2082 1980 flammae
2110 1949 2130 1976 ‚

309 1990 465 2069 fumi
496 2027 510 2052 ‚
534 1988 802 2065 saxorum
831 1985 1124 2040 comitante
1150 1979 1529 2042 multitudine,
1570 1980 1709 2051 quod
1733 1998 1838 2036 non
1868 1999 1927 2035 ea
1961 1995 2124 2056 parte

323 2075 453 2119 ante
482 2062 813 2132 contigerat,
834 2052 1147 2131 prolabens,
1188 2063 1371 2105 totum
1392 2061 1519 2123 pene
1549 2064 1781 2105 montem
1810 2055 2122 2111 candentem

323 2135 575 2190 exhibuit
608 2170 623 2196 ‚
664 2130 930 2185 accedente
961 2142 1160 2199 qaoque
1198 2121 1353 2199 fumi
1392 2126 1567 2176 omnia
1608 2125 1942 2182 involventis
1982 2168 1999 2194 ,
2041 2123 2115 2182 &

320 2210 555 2280 undique
583 2201 908 2278 coruscantis
934 2199 1201 2276 splendore
1224 2236 1235 2248 .
1266 2194 1593 2251 Terribilem
1622 2197 1760 2251 hane
1782 2211 1878 2272 per
1893 2196 2120 2276 seipsam

320 2283 518 2336 montis
548 2275 794 2346 universi
837 2273 1037 2351 faciem
1077 2271 1248 2324 adbuc
1287 2268 1675 2324 terribiliorem
1721 2267 1967 2345 faciebat
1998 2268 2115 2343 affi'.

317 2356 487 2420 duus,
530 2346 600 2405 &
638 2366 912 2421 nunquam
943 2357 1073 2399 ante
1103 2344 1326 2397 auditus
1364 2340 1629 2417 strepitus
1663 2378 1675 2402 ‚
1715 2354 1977 2418 terraeque
1992 2348 2119 2424 fre-

318 2443 504 2500 quens,
547 2419 617 2478 &
644 2421 994 2500 formidanda
1025 2415 1267 2490 concussio
1298 2455 1310 2470 .
1340 2414 1470 2471 Tum
1499 2431 1625 2471 ‘uero
1655 2419 1894 2471 omnium
1923 2455 1940 2482 ,
1997 2419 2119 2475 illo-

304 2517 440 2553 rum
469 2499 637 2552 etiarn
671 2535 682 2555 ,
726 2512 846 2568 quos
887 2494 982 2550 vel
1009 2493 1204 2564 patriae
1235 2502 1397 2545 terrae
1427 2490 1631 2542 caritas
1664 2524 1679 2551 ‚
1718 2490 1816 2544 vel
1852 2489 2114 2549 bonorum

315 2587 467 2624 amor
494 2605 512 2632 ‚
569 2569 662 2626 vel
685 2570 955 2641 ingenium
985 2565 1285 2618 audaciores
1317 2562 1569 2616 reddebat
1599 2603 1616 2629 ,
1666 2557 1848 2635 fraffii
1882 2566 2055 2620 animi
2090 2583 2110 2630 ‚·

314 2638 645 2717 arreptisque
677 2679 691 2704 ,
721 2660 831 2714 quae
875 2641 945 2694 ad
969 2655 1187 2692 manum
1218 2647 1484 2692 venerant
1517 2672 1533 2698 ‚
1593 2636 1746 2690 rebus
1776 2637 2109 2699 carioribus,

315 2713 461 2771 tetta
489 2751 504 2777 ,
561 2715 774 2787 aliaque
804 2715 1009 2769 viliora
1042 2709 1263 2766 {olitoris
1294 2709 1431 2781 ignis
1460 2707 1698 2764 arbitrio
1727 2710 2051 2780 relinquunt
2087 2727 2109 2774 ;

316 2802 480 2860 atque
509 2788 608 2841 bac
642 2826 655 2850 ‚
685 2783 755 2843 Εἴ
785 2787 918 2841 illac
947 2782 1158 2857 dijpeifi
1178 2821 1193 2847 ,
1222 2782 1420 2854 trepidi
1450 2817 1465 2843 ,
1523 2782 1846 2852 turbatique
1874 2782 1932 2833 in
1958 2779 2110 2857 fuga

313 2863 445 2916 vitae
465 2859 759 2935 praestdium
788 2870 1040 2933 quarunt
1071 2896 1083 2908 .
1145 2858 1327 2931 Igneus
1355 2867 1566 2909 torrens
1599 2853 1780 2926 rapido
1808 2848 1966 2925 cursu
1995 2869 2106 2908 ma-

304 2952 478 3006 gnum
505 2934 614 3005 ejus
635 2934 894 3010 planitiei
933 2928 1179 2989 tractum
1218 2929 1374 2989 brevi
1403 2927 1685 3001 occupavit
1716 2961 1732 2990 ,
1773 2943 1884 3000 quae
1923 2938 2107 3001 aperto

1865 3011 2036 3076 nuper
