2373 3340
383 130 415 164 2
566 107 672 163 DE
724 103 1039 161 VESUVH
1091 101 1830 163 CONFLAGRATIONE

304 232 565 309 rebusque
594 236 708 289 tuis
736 235 1122 288 detrimentum
1139 241 1433 305 generetur
1464 267 1478 293 ‚
1508 241 1573 285 ut
1595 233 1776 309 potius
1805 229 2017 287 aufiior
2043 247 2132 298 eo,

301 327 366 363 ac
396 307 710 380 locupletior
738 308 931 364 evadas
970 345 986 359 .
1039 303 1276 382 Qodst
1305 303 1592 357 litteraria
1633 305 1802 377 isthaee
1832 307 2128 377 negotiatio

302 393 467 435 tanto
498 380 800 436 intervallo
828 379 966 432 alias
1003 395 1167 432 omnes
1198 377 1464 432 antecedit
1528 395 1546 443 3
1604 391 1745 432 certe
1773 379 1978 450 quidem
2006 395 2128 432 cum

302 455 522 525 quodvis
552 451 712 507 aliud
735 453 1032 508 commercii
1048 468 1218 524 genus
1247 448 1517 505 colendum
1551 449 1620 522 ‘st
1651 470 1667 515 3
1726 461 1849 503 tum
1876 466 2004 504 vero
2031 449 2126 504 hoe

288 525 656 603 scientiarum
685 543 867 582 carere
893 526 1100 579 omnino
1127 540 1230 578 non
1247 519 1512 596 poffumus
1538 563 1549 574 .
1589 523 1739 578 Nam
1768 538 1887 575 cum
1917 539 2005 576 nec
2032 521 2125 575 ho·

300 600 463 652 mines
520 597 765 672 universe
814 597 1036 672 paribus
1093 598 1301 650 omnino
1349 596 1553 666 ingenii
1590 596 1802 652 viribus
1820 592 2068 666 polleant
2097 613 2117 660 3

301 688 390 725 nee
422 707 435 730 ‚
468 682 644 724 cetera
672 683 741 724 ut
757 666 1050 743 suppetant
1081 707 1097 733 ,
1134 670 1239 723 otii
1268 705 1283 732 ,
1323 667 1756 741 reliquorumque
1786 665 1859 718 ad
1882 665 1944 718 id
1945 662 2122 735 subsi-

301 743 510 797 diorum
541 743 870 796 tantundem
901 742 1140 794 omnibus
1171 738 1452 810 conceffum
1469 737 1556 808 stt
1587 778 1601 803 ‚
1629 749 1900 814 quantum
1929 739 2003 791 aa'
2025 737 2118 791 ab-

286 812 538 892 solutam
571 815 839 882 quandam
867 809 1117 866 dob‘t'rinae
1148 813 1345 882 copiam
1394 813 1697 880 parandam
1753 811 2067 881 requiritur
2096 828 2116 878 3

303 888 542 941 aliorum
566 883 788 961 subinde
815 898 967 961 opera
995 883 1256 937 utendum
1293 880 1442 937 nobis
1479 880 1550 949 cst
1579 901 1595 935 ε
1652 894 1815 952 atque
1841 898 1902 935 ea
1932 919 1947 945 ‚
2007 900 2120 957 quae

294 958 544 1035 praestare
571 956 670 1030 ipst
687 971 786 1033 per
815 974 904 1014 nos
937 959 1211 1029 nequimus
1249 990 1266 1018 ,
1321 953 1391 1007 ab
1420 952 1545 1005 aliis
1578 955 1832 1007 mutuari
1885 989 1902 1015 ‚
1958 958 2120 1030 inque

303 1030 463 1106 lesum
490 1033 729 1104 nostrum
758 1045 1008 1087 revocare
1036 1045 1125 1082 nos
1153 1027 1295 1082 decet
1324 1065 1338 1079 .
1375 1023 1510 1099 Qae
1539 1043 1659 1079 eum
1687 1026 1747 1078 in
1775 1025 2010 1097 quolibet
2040 1029 2123 1081 di-

292 1101 654 1175 sciplinarum
671 1118 868 1174 genere
900 1114 1035 1158 vera
1070 1096 1198 1161 stnt
1251 1116 1270 1163 3
1327 1111 1452 1150 tum
1483 1093 1718 1171 profetia
1743 1097 1803 1150 in
1831 1093 2118 1152 Naturali

300 1173 549 1244 Historia
577 1211 594 1236 ‚
623 1190 735 1244 quae
763 1174 1016 1228 videlicet
1039 1166 1260 1244 summa
1288 1168 1360 1239 cst
1388 1204 1402 1227 ,
1460 1165 1534 1223 &3⁵
1559 1169 1841 1240 complexio
1857 1169 2125 1242 plurimo-

297 1263 425 1302 rum
456 1281 472 1307 ‚
513 1241 642 1324 saepe
681 1254 846 1298 aetate
882 1258 944 1298 ac
985 1241 1092 1296 loco
1121 1235 1424 1313 diffitorum
1443 1240 1813 1315 phaenomenwn
1871 1274 1886 1300 ‚
1923 1240 1989 1311 st
2007 1243 2123 1314 quis

290 1317 521 1394 prooriis
549 1320 847 1372 dumtaxat
876 1310 1311 1389 inquisitionibus
1342 1348 1357 1374 ‚
1410 1307 1755 1386 privatisque
1795 1309 2121 1387 obser-vatio-
2151 1344 2154 1347 ·

295 1388 452 1446 nibus
481 1401 764 1445 contentus
793 1386 886 1460 effi·
915 1386 1056 1444 velit
1086 1422 1104 1449 ‚
1170 1383 1314 1459 apud
1365 1385 1510 1440 hunc
1540 1382 1807 1461 vilescant
1836 1384 2021 1459 neceffi’
2049 1386 2121 1461 cst

296 1458 534 1530 mirfficae
562 1473 779 1518 naturae
806 1465 950 1518 vires
983 1496 999 1522 ,
1055 1470 1219 1531 atque
1256 1459 1323 1510 in‘
1346 1459 1590 1511 maxima
1616 1467 1769 1532 prope
1797 1457 2120 1514 divinarum

294 1535 408 1607 ejus
425 1534 778 1614 facultatum
805 1534 1145 1607 ignoratione
1174 1525 1428 1605 versetur
1450 1570 1462 1583 .
1488 1528 1620 1604 Qae
1648 1530 1909 1584 nimirum
1939 1547 2125 1604 quam-

296 1609 433 1663 libet
462 1608 704 1660 maxima
733 1610 792 1661 in
821 1606 1058 1659 minimis
1088 1639 1105 1666 ,
1166 1613 1235 1656 ut
1263 1602 1371 1659 dici
1396 1601 1677 1680 consuevit
1710 1636 1725 1663 ‚
1754 1612 1919 1673 atque
1946 1604 2042 1659 vel
2063 1605 2124 1660 in

291 1679 407 1756 ipsts
435 1678 811 1747 usstatioribus
839 1676 1032 1750 effi’e‘lis
1061 1675 1387 1729 admiranda
1415 1695 1434 1743 3
1476 1687 1662 1731 tamen
1691 1673 1967 1730 bominum
1997 1672 2120 1750 cyci-

292 1755 486 1810 tantia
518 1765 682 1824 atque
710 1755 927 1808 incuria
952 1748 1121 1824 facile
1154 1746 1465 1821 exolesceret
1497 1786 1512 1812 ‚
1571 1765 1631 1801 ac
1675 1743 1803 1820 fere
1822 1760 2124 1822 proterere-

291 1838 397 1883 tur
427 1866 445 1893 ,
477 1823 583 1885 nili
601 1824 890 1899 aliquando
921 1820 1224 1896 augustiore
1251 1821 1485 1893 affumta
1505 1818 1726 1895 persona
1754 1821 2125 1895 quodammodo

296 1897 600 1971 affurgeret
629 1915 647 1964 3
707 1897 1018 1972 itdquevel
1041 1895 1473 1950 dormitantium
1501 1895 1674 1948 oculos
1693 1894 2006 1965 percelleret
2037 1906 2127 1951 at·

296 1989 397 2046 que
418 1970 804 2046 perstringeret
835 2012 849 2025 .
905 1971 995 2029 Ad
1017 1969 1120 2023 haec
1150 1963 1222 2021 &⁸
1250 1967 1365 2021 loca
1404 1967 1639 2039 quaedarn
1678 1962 1825 2040 sunt
1854 2002 1870 2023 2
1925 1967 2121 2041 quibus

299 2046 394 2097 uti
424 2055 636 2098 natura
675 2044 902 2100 videtur
930 2082 948 2108 ,
1003 2052 1072 2096 ut
1101 2037 1554 2112 magnfficentiore
1582 2056 1746 2112 quam
1773 2038 1910 2093 alibi
1940 2076 1956 2103 ,
2008 2051 2128 2111 per·-

286 2126 560 2191 petuaque
587 2126 740 2189 opum
750 2112 989 2191 suarum
1016 2111 1365 2185 ostentatione
1395 2149 1409 2170 ‚
1463 2113 1525 2167 in
1542 2109 1823 2186 potestatis
1851 2129 1939 2166 nos
1952 2107 2074 2188 suae
2103 2149 2122 2178 ,
2186 2126 2189 2127 ’

292 2206 356 2243 ac
374 2189 746 2263 propemodum
783 2188 1079 2267 majestatis
1117 2181 1580 2252 considerationem
1614 2185 1821 2239 excitet
1886 2220 1904 2249 ‚
1957 2186 2117 2259 deque

289 2262 502 2335 ingenio
522 2257 630 2333 suo
667 2261 1100 2338 commonefaciat
1136 2295 1150 2310 .
1191 2254 1517 2330 Hujusmodi
1558 2257 1783 2329 regiones
1844 2293 1862 2321 ,
1920 2275 2031 2331 quae
2059 2257 2124 2312 ob

295 2334 657 2389 naturalium
686 2333 1054 2406 mysteriorum
1081 2329 1466 2386 revelationem
1493 2325 1760 2402 visuntur
1790 2365 1805 2393 ‚
1846 2329 2126 2386 bominum

275 2405 620 2482 sermonibus
647 2407 1121 2482 circumferuntur
1133 2399 1273 2478 sane
1300 2419 1406 2458 non
1425 2413 1605 2476 paucae
1635 2419 1651 2455 ε
1679 2418 1872 2457 verum
1901 2419 1974 2458 an
2000 2402 2123 2457 ulla

267 2480 357 2551 fit
388 2516 404 2544 ,
459 2498 572 2539 auae
598 2496 786 2536 rerum
811 2483 1090 2538 varietate
1120 2516 1135 2543 ‚
1177 2472 1609 2553 frequentiaque
1647 2470 1720 2529 ἔθ’
1749 2476 2126 2550 magnitudine

290 2573 414 2611 eum
444 2551 809 2631 Neapolitano
819 2551 940 2630 solo
970 2549 1208 2627 conferri
1225 2547 1379 2624 poffi't
1411 2587 1426 2613 ,
1464 2549 1620 2605 haud
1636 2548 1811 2625 facile
1849 2550 2081 2606 dixerim
2109 2584 2126 2601 .

289 2628 362 2682 Id
387 2627 529 2699 quod
546 2622 778 2703 profeiio
799 2624 1146 2696 confidentius
1159 2623 1385 2699 jaffari
1411 2639 1444 2677 a
1476 2622 1626 2680 nobis
1657 2639 1804 2678 nemo
1820 2620 2122 2698 judicabit,

288 2700 387 2775 qui
415 2694 878 2771 eommuniffimam
907 2718 1090 2756 eorum
1147 2736 1164 2761 ‚
1222 2696 1317 2772 qui
1372 2693 1676 2774 hujusmodi
1696 2708 1899 2772 praeter
1925 2705 2120 2751 ceteros

274 2771 476 2849 studiis
514 2772 858 2829 delcetantur
888 2811 906 2839 ‚
960 2769 1312 2850 confeffionem
1356 2770 1524 2844 plane
1584 2788 1690 2825 non
1727 2769 2074 2843 ignoraverit
2105 2801 2122 2819 .

291 2848 470 2920 Atqui
499 2844 751 2922 Neapolis
782 2846 891 2924 ipsa
920 2847 1071 2904 nihil
1095 2861 1340 2922 unquam
1370 2841 1752 2900 admirabilius
1778 2840 1987 2897 obtulit
2011 2840 2116 2896 Ve-

273 2916 441 2996 fi‘ffi‘?
467 2939 489 2993 3
537 2926 632 3002 qu}
658 2923 828 2985 Mons
857 2921 929 3001 0st
955 2922 1144 3002 urbem
1171 2935 1240 2998 ex
1264 2925 1474 3000 oriente
1492 2913 1828 2998 prospebtans
1855 2951 1875 2983 ,
1923 2925 2121 2991 pauco·

1930 3001 2061 3046 rtem
