2373 3340
653 129 1630 188 PRAEFATIO.
1939 145 1968 193 3·

222 276 350 313 rum
377 259 477 313 vix·
506 256 834 313 milliarium
873 255 1058 334 spatio
1113 255 1397 327 interjee‘io
1426 275 1442 311 ε
1501 257 1596 328 qui
1632 251 1836 329 scilicet
1867 253 2039 325 igneis

222 329 600 403 conceptaculis
629 366 642 390 ‚
673 327 1249 402 vehementioribufque
1260 325 1496 402 subinde
1532 324 2041 399 cotfiagrationibus

220 400 430 455 uberem
461 403 608 457 omni
635 419 742 457 aevo
769 405 1163 457 commentandi
1192 402 1484 457 materiam
1532 398 1848 474 philosophis
1878 396 2039 468 bisto-

218 470 444 548 ricisque
467 470 838 552 suppeditavit
894 513 908 526 .
967 473 1200 547 Cumque
1256 475 1442 547 vigeat
1499 473 1672 526 adhuc
1710 471 1920 540 ignium
1951 469 2038 523 vis

220 548 418 600 montis
445 545 655 621 inclusa
683 542 972 621 visceribus
1029 583 1044 608 ,
1100 545 1504 619 vetustior-aque
1531 544 1775 599 incendia
1804 540 1920 592 alia
1953 551 2042 591 at-

213 633 313 689 que
340 620 454 672 alia
483 621 783 673 recentiora
814 620 1113 694 exceperint
1154 640 1174 687 3
1229 620 1357 674 binc
1399 615 1619 694 faft'um
1657 615 1728 686 est
1753 648 1769 674 2
1799 624 1868 666 ut
1900 625 2042 666 nova

198 689 404 771 semper
416 688 692 768 scribendi
729 687 876 765 seges
918 689 1259 771 succreverit
1289 710 1306 746 ε
1363 707 1529 765 neque
1546 690 1795 765 priorum
1810 680 2044 763 scripto-

214 781 343 819 rum
371 763 674 817 multitudo
703 766 836 820 alios
864 802 880 828 ,
911 768 1006 838 qui
1020 761 1359 838 secutifunt
1388 799 1404 824 ‚
1459 761 1528 816 ab
1558 777 1618 816 ea
1637 760 1926 836 provincia
1943 754 2041 830 fu-

192 833 465 914 scipienda
493 837 766 892 deterruit
799 873 814 898 ‚
842 850 945 891 aut
975 837 1251 893 liberavit
1282 874 1296 888 .
1323 830 1631 910 Qodsane
1658 826 1926 902 novgffime
1952 844 2046 882 no·

211 908 291 965 bis
310 905 633 983 profitemur
664 907 898 980 accidff’
935 921 1060 963 tum
1088 944 1104 971 ,
1161 926 1281 963 cum
1308 903 1473 978 rnenfi'
1501 903 1671 973 Majo
1709 904 1844 956 anni
1881 913 2041 966 1737·

216 983 465 1035 immanis
495 977 717 1053 Vesuvii
747 982 1100 1053 conflagratio
1126 979 1375 1053 exstitit3
1405 976 1559 1047 cujas
1586 974 1864 1049 historiam
1893 973 2038 1028 mul-

215 1055 291 1109 tis
320 1049 777 1125 observationibus
807 1065 971 1125 atque
997 1049 1537 1118 animadverfionibus
1575 1045 1898 1122 instruflam
1917 1058 2043 1121 pro·-

211 1126 332 1180 dere
361 1129 421 1178 in
441 1121 725 1199 praefi’ntia
754 1126 1124 1195 constituimus
1150 1143 1171 1191 3
1229 1141 1292 1179 ne
1319 1139 1508 1176 earum
1524 1119 1682 1198 forte
1700 1121 1957 1195 partium
1985 1137 2041 1173 o-

210 1195 657 1251 bliti.videarnur
683 1229 700 1254 ‚
758 1210 887 1264 quas
915 1196 1214 1247 litteraria»
1235 1193 1505 1268 societatis
1545 1194 1867 1264 institutum
1894 1191 2042 1248 nobis

208 1271 287 1323 im
299 1261 495 1342 '‘osui-[se
524 1263 884 1337 intellegimus
926 1283 945 1331 3
1003 1276 1169 1339 atque
1197 1278 1266 1320 ut
1298 1280 1362 1319 ne
1399 1262 1708 1335 nostrarum
1736 1268 1762 1326 (
1790 1259 1894 1331 etsi
1914 1264 2040 1318 nul-

207 1341 254 1395 li
296 1334 576 1414 &fortaffi
597 1339 770 1411 pretii
823 1342 849 1402 )
902 1338 1159 1393 mercium
1197 1338 1357 1393 nimis
1385 1349 1592 1392 tenaces
1621 1331 1989 1410 aass’rvatores
2017 1374 2037 1403 ,

206 1411 444 1467 aliorum
472 1409 568 1465 vel
591 1408 1042 1466 oblee‘iamentum
1073 1447 1089 1474 ‚
1127 1411 1224 1468 vel
1245 1406 1553 1485 profetiam
1581 1404 1831 1478 invidiffe
1857 1410 2040 1465 ‘uidea-

207 1501 335 1539 mur
367 1522 380 1534 .
434 1482 808 1556 Praeterquam
847 1484 986 1557 quod
1020 1484 1408 1540 commentaria
1436 1482 1607 1555 isthaec
1636 1478 1709 1538 ἔθ’
1721 1481 1857 1559 st’rae
1876 1482 2040 1558 poste·

213 1556 392 1612 ritati
421 1553 602 1609 debere
630 1572 721 1610 nos
731 1553 1007 1627 finitimus
1038 1575 1058 1623 3
1086 1573 1174 1610 nos
1202 1594 1218 1620 ‚
1245 1558 1470 1629 inquam
1499 1592 1514 1616 ‚
1553 1559 1648 1626 qui
1675 1553 2036 1635 Wsuvianam

212 1627 633 1704 qualemcunque
655 1624 1004 1702 superiorum
1040 1639 1336 1702 temporam
1374 1625 1653 1700 historiam
1681 1646 1714 1681 a
1743 1627 2038 1697 majoribus

203 1697 394 1772 nostris
431 1700 713 1773 accepimus
739 1737 754 1752 .
809 1699 912 1754 Sed
933 1702 1073 1755 enim
1102 1699 1342 1771 nostrum
1369 1699 1462 1752 hoc
1489 1701 1771 1773 incoeptum
1799 1717 1899 1771 quo
1924 1702 2037 1758 loco

202 1772 349 1849 apud
369 1771 574 1826 barum
602 1789 788 1828 rerum
799 1769 1057 1849 studiosos
1069 1833 1073 1836 ,
1077 1768 1351 1838 futurum
1356 1769 1444 1840 stt
1474 1807 1488 1832 ‚
1505 1772 1858 1846 proculdubio
1887 1775 2033 1847 igno-

205 1864 396 1903 ramus
427 1864 443 1900 .·
482 1859 542 1897 ea
569 1857 754 1901 tamen
783 1863 872 1901 nos
898 1843 1012 1920 spes
1026 1841 1316 1923 sustentat
1347 1880 1364 1909 ,
1410 1838 1540 1916 fhre
1569 1880 1586 1907 ‚
1642 1856 1712 1900 ut
1741 1846 1917 1900 minas
1946 1850 2034 1902 in-

202 1919 529 1976 commodum
557 1917 617 1972 de
647 1935 702 1973 eo
716 1917 992 1991 judicium
1035 1917 1276 1998 feratur
1304 1955 1320 1979 ‚
1359 1917 1427 1986 st
1455 1915 1654 1985 consilii
1682 1916 1852 1990 nostri
1878 1921 2033 1975 ratio

207 1990 482 2047 habeatur
509 2030 522 2044 .
566 1990 633 2045 Id
653 1996 791 2048 enim
821 1990 968 2046 nobis
988 1987 1315 2066 propositum
1338 1987 1470 2064 fuit
1499 2025 1515 2051 ‚
1572 2001 1643 2060 ut
1673 1991 1938 2064 quidquid
1957 1994 2034 2048 ad

200 2065 296 2120 hoc
327 2075 712 2136 argumentum
757 2064 1006 2137 pertinet
1064 2099 1082 2127 ,
1135 2078 1299 2133 quam
1337 2059 1735 2135 diligentiffi'me
1761 2064 2030 2137 colligere-

208 2153 326 2190 mus
355 2172 371 2198 ‚
407 2139 566 2208 inque
593 2152 764 2190 unum
791 2145 973 2210 corpus
1001 2134 1242 2191 coacJum
1280 2134 1634 2208 vulgaremus
1662 2154 1680 2190 :
1735 2136 1823 2189 ita
1861 2139 2026 2192 nimi-

203 2227 332 2265 rum
336 2205 479 2276 fieri
495 2205 662 2282 pff*
691 2218 762 2265 ut
790 2209 851 2262 in
877 2223 1060 2263 eorum
1078 2205 1237 2281 forte
1261 2222 1451 2262 manus
1463 2204 1682 2283 scripta
1711 2206 1814 2262 baec
1846 2208 2025 2282 nostra

187 2283 519 2358 perveniant
550 2316 568 2344 ,
622 2296 657 2334 a
716 2279 907 2355 quibus
962 2280 1269 2337 concinnior
1305 2280 1469 2351 hujus
1498 2280 1741 2335 materia:
1783 2279 1975 2358 forma
2002 2320 2024 2350 ‚

195 2355 610 2427 commodiorqae
637 2351 762 2430 usus
792 2353 981 2409 baberi
999 2350 1153 2429 poffit
1187 2371 1207 2421 3
1263 2353 1340 2408 ad
1368 2370 1489 2407 eum
1529 2348 1710 2426 ferme
1764 2354 1972 2409 modum
2001 2390 2022 2421 ‚

196 2444 301 2502 quo
329 2429 572 2484 novimus
600 2427 889 2484 nonnullos
903 2430 1123 2503 populos
1152 2436 1370 2495 naturae
1397 2424 1645 2496 beneficio
1673 2463 1691 2491 ‚
1747 2442 1909 2501 quam
1935 2428 2023 2484 ἰη-

185 2501 347 2574 genio
373 2496 690 2576 artibusque
716 2501 943 2556 laetiores
998 2536 1014 2562 ‚
1072 2499 1259 2556 rudem
1295 2499 1593 2556 materiam
1621 2494 2022 2575 imformemqae

183 2571 440 2651 praestare
464 2589 486 2640 3
524 2588 684 2644 quam
710 2574 892 2631 deinde
916 2574 1150 2647 expolire
1186 2611 1204 2639 ‚
1235 2569 1485 2648 perficere
1511 2609 1528 2638 ,
1585 2569 1810 2649 usuique
1835 2573 2018 2631 dicare

197 2646 441 2702 notiones
470 2646 590 2700 aliae
615 2642 902 2719 sagaciores
930 2647 1240 2704 didicerunt
1269 2686 1287 2707 ,Α

342 2716 486 2792 Quae
515 2718 769 2775 hellenus
797 2731 1204 2777 commemorata
1235 2735 1269 2773 a
1301 2719 1447 2777 nobis
1459 2715 1605 2799 sunt
1633 2757 1650 2783 ‚
1679 2737 1735 2775 eo
1762 2717 2017 2778 videlicet

176 2787 432 2870 speffiant
486 2810 506 2860 3
562 2790 731 2865 nostri
758 2810 846 2849 nos
883 2794 1135 2866 instituti
1172 2793 1457 2849 admonita
1497 2809 1688 2850 manus
1716 2794 1845 2849 haic
1870 2794 2015 2867 operi

193 2863 480 2939 admoviffe
505 2883 527 2933 3
583 2877 654 2922 ut
684 2877 860 2942 nempe
877 2866 1214 2944 physicarum
1242 2863 1651 2944 disciplinarum
1678 2867 1895 2922 cultum
1911 2876 2017 2938 pro

191 2937 407 3015 viribus
426 2951 854 3017 promoveremae
879 2938 1219 3021 :praesertim
1207 2935 1366 3074 gam
1392 2939 1544 3019 nini!
1564 2938 1683 3018 tale
1709 2940 1781 3001 ab
1805 2940 2012 3013 exterig

1337 3031 1375 3075 2
1842 3024 1937 3068 ex·
