2373 3340
482 124 934 187 ⁴CAPUT
1033 122 1683 205 QUINTUM.
1881 125 1949 184 87

231 254 456 313 illorum
487 262 752 322 cinerum,
784 262 877 333 qui
906 255 1134 331 Vesuvio
1146 249 1302 323 forte
1333 250 1695 325 impendebant
1726 287 1738 312 ‚
1769 249 2021 321 reliquias

225 325 396 402 secum
425 330 671 408 auferret
699 374 710 386 .
740 331 842 386 Sed
864 348 991 388 vero
1021 328 1170 381 haud
1195 325 1412 397 proinde
1442 325 1726 376 dixerimus
1761 359 1774 382 ‚
1804 322 2022 376 nullum

222 401 383 474 plane
412 418 475 454 ex
518 406 765 460 miranda
801 405 900 458 bae
936 400 1128 456 cineris
1184 395 1447 467 dffusione
1487 397 1597 467 capi
1634 393 1911 463 vastitatis
1942 394 2026 446 in-

230 473 397 526 cendii
425 473 837 542 documentum3
885 476 981 528 nit
1017 471 1156 524 enim
1195 473 1325 525 cinis
1361 467 1605 544 ejusmodi
1646 464 1873 538 copiosior
1891 464 1976 532 sit
2009 498 2027 523 5

233 561 474 615 novaque
504 548 612 621 ejus
642 550 982 602 continenter
1010 541 1414 598 decurrentibus
1452 540 1629 595 ventis
1660 539 1798 610 copia
1848 535 2023 608 suppe-

230 614 442 670 ditetur
470 638 488 685 3
517 637 648 692 tegre
686 618 949 689 intelliges
979 653 994 678 ‚
1049 616 1143 687 qui
1168 614 1408 683 potuerit
1439 613 1509 665 ad
1532 623 1753 665 tantam
1792 609 2026 663 locorum

231 686 543 759 distantiam
569 693 629 742 in
657 691 777 741 ae're
797 686 1055 764 sustineri
1082 725 1094 738 .
1131 685 1563 761 Qandoquidem
1591 682 1918 755 experientia
1945 679 2033 731 do-

230 776 407 812 cemur
436 793 450 817 ‚
509 756 802 832 quamlibet
842 756 1076 830 citffme
1106 763 1310 813 cinerea
1339 755 1532 810 nebula
1573 773 1605 808 a
1642 766 1804 811 vento
1843 751 2027 832 delata

220 839 604 902 permoveatur
633 851 650 896 3
692 848 965 903 nunquam
993 842 1176 884 tamen
1207 847 1309 884 non
1339 829 1440 880 illa
1468 828 1741 889 irrorari,
1780 826 2031 894 inquina-

231 900 384 972 rique
406 899 699 972 fiibjeffiam
730 902 952 956 humum
993 940 1005 952 .
1046 901 1115 955 [It
1148 903 1333 973 itaque
1361 897 1733 969 intellegamus
1766 931 1782 957 ‚
1816 905 2030 947 terram

232 971 300 1030 ab
343 966 480 1028 urbe
516 975 614 1028 hac
642 976 716 1028 ad
737 971 895 1049 usque
932 972 1228 1046 AEgyptum
1279 972 1452 1025 cinere
1506 966 1662 1041 fue'ffi’
1719 961 2036 1046 conspersam.

231 1041 424 1096 trabtu
456 1063 727 1120 nunquam
765 1051 1078 1119 interrupto
1109 1063 1125 1110 3
1165 1041 1439 1113 neceffario
1458 1040 1754 1113 ponendum
1791 1039 1861 1112 est
1889 1075 1905 1102 ‚
1963 1053 2034 1091 ci-

232 1118 374 1169 neris
403 1121 516 1172 ‘aim
546 1121 816 1190 ingentem
843 1131 1008 1191 atque
1037 1111 1340 1192 immensam
1378 1111 1632 1184 exstitzffi
1661 1151 1673 1164 .

375 1189 455 1240 At
487 1192 626 1241 enim
665 1194 758 1260 qui
763 1188 902 1255 fieri
933 1190 1123 1258 potuit
1151 1194 1176 1248 <
1224 1186 1365 1256 quod
1385 1186 1454 1255 est
1480 1190 1748 1238 enimvero
1777 1182 2035 1236 memoriae

224 1257 503 1332 proditum
530 1266 556 1321 9
583 1270 649 1310 ut
680 1259 847 1311 eodem
875 1268 1130 1329 tempore,
1156 1253 1245 1328 seu
1263 1257 1447 1328 potius
1474 1256 1640 1309 eodem
1671 1255 1905 1308 incendio
1935 1254 2035 1307 Ve-

230 1332 454 1384 suviano
492 1329 658 1383 cineri
685 1328 910 1384 obnoxia
931 1323 1151 1394 fuerint
1181 1326 1295 1379 loca
1325 1321 1535 1396 diversa
1564 1362 1580 1388 ‚
1608 1327 1711 1380 imo
1740 1323 2031 1398 aliquando

227 1402 392 1454 etiam
411 1401 571 1475 plane
611 1403 892 1457 contraria
921 1399 946 1455 ?
990 1400 1055 1454 Id
1085 1397 1334 1455 videlieet
1375 1399 1603 1453 accidere
1618 1401 1806 1473 potuit
1830 1399 2034 1470 prima,

226 1474 474 1546 quoniam
497 1485 592 1544 per
622 1473 914 1544 quindecim
962 1509 979 1536 ,
1034 1483 1137 1525 aut
1176 1471 1386 1541 viginti
1412 1472 1621 1526 dierum
1656 1472 1930 1548 decursum
1958 1468 2038 1522 di-

230 1543 374 1612 versi
394 1556 556 1613 atque
583 1547 749 1598 etiam
772 1540 987 1619 prorsus
1025 1541 1230 1616 oppofi'ti
1257 1545 1412 1596 venti
1453 1542 1670 1617 spirare
1689 1554 1992 1616 potuerunt

231 1615 663 1689 quemadmodum
695 1612 766 1671 ἔθ’
825 1627 1025 1689 nupera
1063 1615 1438 1687 deflagratione
1464 1617 1564 1670 hac
1590 1653 1608 1681 ‚
1676 1632 1787 1687 quae
1813 1615 2031 1670 brevior

232 1699 414 1742 tamen
448 1684 566 1759 fuit
624 1725 639 1751 ‚
697 1689 942 1745 novimus
997 1687 1216 1759 eveniffl
1242 1721 1261 1749 ,
1318 1697 1386 1740 ut
1445 1687 1705 1743 nimirum
1742 1689 1844 1743 alii
1872 1699 2036 1760 atque

233 1758 338 1812 alii
382 1755 610 1832 subinde
637 1763 793 1817 venti
830 1759 1172 1815 obtinuerint
1216 1798 1229 1811 .
1284 1755 1492 1832 Rursus
1547 1754 1620 1813 ἐξ
1676 1759 1779 1813 illa
1837 1777 2036 1833 quoque

234 1832 384 1892 ratio
413 1833 550 1885 iniri
567 1832 734 1906 poſjet
758 1871 773 1896 ‚
819 1843 921 1906 pro
949 1829 1263 1899 diversttate
1289 1830 1522 1885 locorum
1560 1830 1633 1883 ad
1687 1834 1897 1887 eandem
1925 1832 2035 1887 caeli

232 1905 493 1975 regionem
521 1904 808 1977 positorum
836 1939 854 1967 ,
874 1901 1103 1979 potuiſje
1135 1902 1459 1978 peculiarem
1514 1904 1748 1977 aliquem
1804 1917 2034 1961 ventum

235 1973 437 2030 alicubi
473 1979 779 2032 excitatum
806 2013 820 2037 ‚
863 1979 1093 2030 cinerem
1131 2009 1147 2035 ‚
1190 1990 1289 2046 quo
1315 1970 1469 2045 forte
1506 1976 1583 2028 ibi
1621 1978 1714 2028 ae'r
1735 1975 1986 2052 scatebat
2017 2014 2035 2041 ‚

236 2048 474 2119 arripere
498 2082 514 2108 ‚
545 2045 1014 2121 transveisttmque
1054 2043 1233 2097 annm
1263 2045 1321 2097 in
1360 2044 1525 2099 aliam
1561 2046 1737 2100 deinde
1774 2051 2037 2120 regionem

237 2117 518 2173 demittere
543 2137 559 2172 ε
587 2120 772 2191 itaque
806 2120 936 2173 cinis
963 2152 977 2178 ‚
1005 2117 1224 2188 exempli
1239 2118 1465 2188 gratia,
1494 2117 1712 2172 adactus
1740 2121 1799 2175 in
1828 2122 2038 2194 Syriam

224 2192 416 2262 potuit
439 2186 611 2264 facile
639 2209 670 2242 a
696 2190 956 2266 peculiari
985 2187 1164 2258 aliquo
1196 2199 1360 2243 vento
1388 2188 1597 2258 Syriam
1630 2187 1776 2263 forte
1806 2195 2035 2269 perflan-

235 2271 292 2316 te
322 2297 337 2324 ‚
363 2263 424 2314 in
452 2260 747 2335 AEgyptum
774 2259 972 2335 deferri
1001 2299 1014 2313 .
1055 2259 1182 2335 Qae
1202 2255 1437 2333 profebto
1467 2264 1641 2320 omnia
1672 2282 1790 2318 cum
1818 2283 1851 2319 a
1879 2268 2040 2323 vario

235 2325 538 2406 diversoque
554 2348 855 2389 ventorum
891 2335 1091 2405 impetu
1121 2332 1416 2405 arccffenda
1455 2334 1828 2408 intelligamus
1866 2358 1885 2407 3
1925 2358 2036 2394 cer-

234 2415 295 2458 te
322 2410 383 2464 vi
409 2422 609 2479 quoque
647 2406 745 2482 iffi
773 2406 1119 2479 irnpulsitique
1155 2417 1443 2461 ventorum
1481 2407 1734 2480 majorem
1764 2411 2040 2466 minorem-

236 2491 305 2532 ve
333 2476 662 2533 celeritatem
700 2515 717 2544 ,
769 2495 873 2554 qua
913 2483 974 2535 in.
1011 2491 1238 2534 remotos
1293 2488 1580 2534 terrarum
1633 2480 1849 2537 traflus
1905 2486 2037 2539 cinis

238 2561 475 2621 urgetur
502 2585 517 2612 ‚
543 2547 698 2625 ferre
724 2563 930 2625 oportet
961 2564 1222 2625 acceptam
1250 2589 1265 2605 .
1322 2552 1401 2608 In,
1442 2553 1851 2626 cofflagratione
1904 2557 2039 2611 anni

243 2627 403 2685 1631.
443 2625 625 2679 tradit
664 2624 947 2698 Recupitus
976 2627 1216 2682 Aletium
1254 2659 1270 2689 ,
1322 2621 1648 2696 Bariumque
1677 2628 1901 2684 cinerem
1921 2639 2042 2701 per·

239 2690 430 2764 veniffi'
442 2690 568 2766 fere
603 2694 714 2752 otto
748 2695 853 2770 post
880 2697 1028 2752 boris
1069 2734 1083 2760 ,
1134 2713 1297 2770 quam
1349 2710 1383 2748 a
1439 2695 1670 2775 Vesuvio
1708 2698 1990 2777 diseeſjiffi’t
2021 2740 2036 2756 .

242 2767 332 2821 De
357 2766 593 2821 incendio
622 2781 804 2823 autem
822 2765 927 2842 sub
955 2770 1074 2826 Tito
1103 2769 1246 2841 testis
1274 2767 1343 2838 est
1371 2769 1481 2825 Dio
1515 2807 1530 2834 ‚
1568 2772 1787 2827 cinerem
1816 2776 2037 2831 Romam

226 2829 481 2894 'delatum
509 2842 720 2917 aliquot
745 2842 852 2915 βψ
879 2844 1072 2897 montis
1103 2840 1434 2910 incensionem
1462 2842 1638 2897 diebus
1665 2879 1682 2906 ‚
1709 2862 1827 2901 cttm
1854 2860 2038 2903 tamen

241 2910 472 2983 nondam
507 2912 583 2971 ibi
620 2910 883 2993 rescitum
916 2912 1040 2992 cffet
1065 2938 1100 2983 ⁷,
1150 2915 1282 2992 qaid
1318 2917 1378 2974 in
1418 2914 1706 2993 Campania
1732 2918 2040 3054 accidiffl’tg

1868 2993 1970 3049 ide-
