2373 3340
564 140 974 200 cAPuT
1085 137 1748 214 QuARTUM.
1921 155 1988 210 ῃ

260 270 434 347 'nigris
454 265 611 348 saxis
639 307 655 335 ‚
712 270 1011 346 plerunque
1051 265 1279 346 asperior
1319 264 1674 341 ffcaciorque
1709 268 1780 341 est
1817 284 1873 321 eo
1899 304 1917 332 ,
1965 269 2060 342 qui

248 363 319 400 ex
360 345 535 418 flavi-s
590 344 793 420 albisve
834 345 1134 416 decerpitur
1176 377 1190 391 .
1243 356 1297 406 4.
1337 356 1483 410 aquae
1520 342 1660 413 copia
1703 339 1898 411 aquali
1929 342 2054 416 plus

247 414 546 492 Vesuviani
576 413 717 490 salis
746 453 761 478 ‚
792 431 951 487 quam
979 413 1229 484 vulgaris
1259 411 1591 467 Ammoniaci
1602 407 1857 485 solvitur
1887 452 1900 466 .
1940 429 1991 476 5.
2028 429 2056 466 e

249 489 528 544 nonnullis
559 488 819 560 lapidibus
832 484 936 560 sal
968 485 1185 540 edacius
1213 483 1285 554 est
1313 483 1542 557 quadam
1575 484 1888 557 pinguedine
1916 522 1931 548 ,
1975 500 2053 538 co-

248 560 461 634 loreque
477 559 721 638 fiibflavo
747 556 891 634 asper
914 576 976 613 us
1034 576 1049 612 τ
1106 554 1244 629 isque
1273 558 1388 629 igni
1416 555 1644 627 injebius
1674 556 1876 611 odorem
1904 555 2059 637 bitu-

242 635 478 687 mineum
515 670 531 696 ‚
588 634 825 687 Petrolei
886 646 969 685 ere
996 667 1010 693 ‚
1069 627 1288 708 efflabat
1320 667 1334 680 .
1392 633 1443 682 6.
1478 625 1583 703 sal
1620 631 1694 686 Ve
1717 630 1950 685 avianus
1991 643 2052 681 m

234 705 485 759 ardentes
513 702 756 757 carbones
785 701 1049 773 conjcbius
1079 720 1185 757 non
1213 702 1448 772 crepitat
1476 721 1496 768 ‚-
1554 705 1614 757 in
1628 700 1854 775 fumum
1870 700 2050 772 solvi-

233 788 338 829 tur
367 810 383 836 ‚
414 776 758 829 marinarum
784 793 970 829 rerum
1007 772 1378 843 ambustorum
1405 778 1432 839 ζ
1451 789 1471 826 1
1493 781 1520 841 )
1545 778 1782 830 nidorem
1820 773 2050 841 referen-

235 859 347 901 tem
373 883 389 898 .
428 848 628 903 Verum
663 845 759 897 ille
797 843 896 920 ipfi'
933 846 995 899 in
1033 846 1217 918 ignita
1261 849 1599 900 torrentium
1631 843 1778 914 saxa
1809 839 1998 916 effusus
2027 882 2044 910 ‚

234 914 444 991 absumi
472 955 487 980 ‚
528 915 872 992 dffcedereque
914 920 974 971 in
999 914 1224 992 fumum
1254 916 1465 967 omnino
1486 928 1583 988 per
1611 917 1749 972 vices
1789 932 1806 967 τ
1828 915 2041 992 scilicet

219 986 505 1063 fumigare
533 1026 549 1053 ‚
589 1001 711 1043 tum
750 987 938 1062 ccffare
976 1024 993 1052 ‚
1031 986 1292 1066 quousque
1321 995 1472 1040 totus
1491 988 1656 1062 plane
1686 984 1808 1059 cffi't
1838 986 2048 1062 absum-

237 1075 331 1114 tus
371 1083 387 1115 :
440 1060 607 1135 ferme
636 1063 708 1117 ad
729 1080 849 1117 eum
876 1063 1085 1116 modum
1128 1096 1145 1124 ,
1200 1074 1301 1131 quo
1329 1060 1546 1129 prodire
1564 1072 1663 1133 per
1694 1062 1830 1114 vices
1843 1058 2045 1135 fumus

231 1135 480 1190 cernitur
507 1134 664 1188 illius
693 1151 781 1189 ore
838 1174 853 1197 ‚
911 1135 1004 1207 qui
1033 1134 1361 1187 nicotianam
1390 1131 1612 1186 herbam
1651 1130 2044 1201 inflammatam

228 1200 468 1274 exspirat
509 1240 522 1253 .
582 1217 636 1266 7.
675 1202 779 1274 Jal
814 1206 900 1254 bic
941 1202 1111 1267 noster
1148 1204 1255 1253 oleo
1294 1206 1518 1255 tartari
1555 1203 1846 1272 commistus
1876 1243 1892 1269 ‚
1938 1224 2043 1264 non

219 1270 589 1349 firmentcssit
628 1291 647 1339 3
704 1274 796 1326 uti
825 1289 889 1327 ne
904 1271 965 1340 st
967 1270 1182 1350 spiritu
1211 1271 1420 1343 quidem
1448 1272 1672 1327 vitrioli
1713 1307 1730 1336 ‚
1786 1276 1880 1327 vel
1900 1274 2042 1350 salis

226 1342 514 1420 ensseatur
544 1363 560 1399 ε
590 1359 697 1419 qua
727 1345 991 1400 nimirum
1018 1341 1387 1417 observatione
1415 1344 1659 1400 docemur
1684 1382 1700 1410 ‚
1730 1344 1892 1400 salem
1919 1365 2042 1404 eum

226 1428 489 1471 neutrum
519 1455 534 1480 ,
565 1430 633 1472 ut
663 1417 970 1491 loquuntur
996 1454 1012 1479 ‚
1042 1415 1341 1472 babendum
1367 1414 1462 1489 effe
1500 1436 1519 1485 3
1579 1421 1673 1491 qui
1693 1416 1911 1497 scilicet
1943 1441 2034 1478 nec

224 1489 364 1542 acidi
389 1492 689 1565 *quidquam
717 1527 734 1552 ,
775 1508 863 1545 nec
921 1491 1099 1545 alkali
1127 1488 1325 1542 babeat
1354 1488 1637 1564 admistum
1664 1497 1690 1556 ζ
1697 1495 1756 1556 2)
1783 1538 1797 1550 .
1830 1496 1878 1547 8.
1912 1492 2039 1551 Hu-

218 1560 316 1632 jus
350 1559 478 1633 salis
516 1563 697 1636 soluti
740 1560 1007 1633 semuncia
1045 1565 1106 1617 in
1145 1563 1291 1615 canis
1317 1560 1646 1632 jugularem
1673 1562 1855 1636 infusa
1885 1576 2039 1622 acer-¹

221 1627 441 1701 bffmos
470 1637 517 1688 ei
547 1633 744 1688 dolores
773 1636 1003 1697 creavit,
1038 1646 1106 1688 ut
1137 1628 1209 1688 6⁸9²
1235 1629 1623 1707 miserabiliter
1636 1634 1764 1706 jabi
1766 1649 1890 1691 aret
1902 1636 2035 1711 sese,

224 1703 300 1762 &²
341 1718 579 1778 quatuor
641 1706 750 1780 post
815 1707 970 1760 boras
1009 1707 1269 1761 interiret
1324 1724 1340 1759 ε
1397 1705 1774 1780 exploratoque
1825 1725 2034 1783 corpore

208 1776 439 1856 sanguis
481 1781 738 1835 inventus
776 1777 846 1850 cst
873 1815 887 1840 ‚
932 1796 1092 1851 quam
1106 1775 1247 1845 fieri
1285 1778 1515 1831 maxime
1545 1777 1705 1850 postet
1738 1779 1987 1854 ,solutus
2015 1818 2034 1847 ‚

225 1863 392 1924 atque
413 1862 715 1925 purpureus
752 1873 768 1906 ε
826 1848 1059 1927 talisqM
1086 1846 1280 1917 mansit
1293 1846 1477 1924 spatio
1491 1845 1594 1925 sex
1621 1851 1885 1907 horarum
1914 1893 1928 1906 .
1975 1874 2031 1923 9.

220 1922 557 1994 Vesuvianus
580 1919 686 1997 sal
717 1925 777 1979 in
816 1925 1094 1978 minutum
1129 1922 1406 1996 pulverem
1446 1926 1627 1978 tritus
1654 1960 1670 1987 ‚
1707 1922 1775 1993 st
1795 1927 2030 1983 naribus

221 1996 547 2068 aliquandiu
574 1997 917 2051 attrahatur
944 2031 960 2055 ,
987 1997 1183 2047 dolores
1215 1996 1403 2065 capitis
1431 1993 1718 2063 obstinatos
1734 1994 1905 2070 facit.
1945 2016 2029 2057 10,

223 2078 290 2120 ut
324 2068 745 2139 exploraremus,
772 2077 898 2119 tum
925 2081 998 2119 an
1024 2066 1175 2119 inter
1189 2063 1343 2138 salia
1370 2081 1396 2116 e
1421 2063 1634 2133 diveisss
1646 2061 1806 2139 saxis
1832 2071 2025 2132 edubYa

225 2153 482 2207 magnum
513 2138 727 2211 aliquid
753 2134 1025 2208 intereffi’t
1055 2155 1074 2203 ‚-
1115 2149 1238 2191 tum
1266 2153 1393 2192 vero
1421 2171 1438 2199 ,
1466 2152 1538 2191 an
1567 2137 1761 2211 insale
1790 2142 1883 2196 boc
1902 2144 2021 2218 pri-

225 2208 624 2282 migeniasalia
655 2210 826 2264 locum
854 2207 1162 2264 obtinerent
1191 2245 1207 2273 ‚
1241 2205 1445 2283 scilicet
1478 2211 1755 2265 marinum
1778 2212 1868 2285 fal
1891 2251 1907 2277 ,
1935 2217 2020 2270 m·-

220 2292 380 2335 trum
407 2319 424 2345 ,
453 2282 776 2345 vitriolum,
805 2283 1020 2336 alumen
1048 2300 1068 2348 3
1097 2298 1325 2353 quorum
1351 2281 1610 2337 elementa
1641 2285 1794 2339 inter
1805 2284 2023 2361 solven-

220 2352 347 2408 dum
378 2351 901 2430 concrescendumque
929 2356 988 2410 in
1017 2354 1213 2430 easdem
1245 2351 1438 2427 fi’mper
1453 2350 1678 2428 figuras
1711 2355 1886 2430 solent
1926 2362 2026 2413 mi-

210 2443 381 2498 grare
418 2465 436 2496 ,
465 2440 533 2483 ut
563 2427 799 2498 chemicis
829 2439 1149 2503 compertum
1177 2425 1247 2499 cst
1275 2444 1291 2479 ε
1320 2441 1435 2480 eam
1463 2463 1479 2492 ‚
1520 2431 1770 2503 inquam,
1812 2430 1873 2484 ob
1912 2450 2026 2488 rem

1246 2496 1303 2556 K
1757 2520 1956 2579 magna

269 2679 288 2732 (
310 2692 326 2723 1
349 2678 366 2730 )
425 2675 623 2721 Odorem
657 2679 774 2732 quafi
794 2680 1065 2726 marinorum
1087 2692 1321 2736 corporum
1343 2678 1607 2727 Vesuvianae
1628 2682 1822 2728 materiae
1840 2682 2018 2741 plerun-

211 2745 297 2789 que
312 2735 506 2781 reddunt
526 2748 538 2773 .·
560 2734 681 2788 quod
702 2736 754 2779 ab
780 2737 870 2781 aliis
887 2751 1067 2793 quoque
1088 2749 1292 2783 notatum
1306 2767 1320 2786 ,
1338 2736 1660 2794 proditumque
1678 2741 1739 2785 est
1759 2772 1769 2782 .
1976 2768 1979 2770 -

268 2795 327 2845 (2
352 2793 369 2844 )
425 2791 628 2835 Chemini
651 2792 889 2848 Scriptores
907 2794 1107 2840 universt*
1128 2793 1429 2841 Vesuvianum
1446 2793 1646 2845 salem,ut
1664 2809 1708 2843 et
1727 2797 2021 2841 Puteolanum

218 2844 269 2890 ad
296 2848 580 2892 Ammoni-mi
605 2863 741 2903 genus
762 2850 958 2894 referunt
975 2866 988 2892 :
1006 2851 1127 2908 quod
1145 2856 1186 2898 ἃς
1207 2849 1260 2894 de
1282 2851 1450 2896 AEtnaeo
1469 2853 1668 2897 Rorellus
1682 2853 1842 2897 diserte
1865 2850 2019 2896 tradit'.

212 2905 331 2955 (vid.
353 2907 537 2950 Mercati
560 2906 798 2949 Metallothc
812 2921 859 2951 ca
881 2906 899 2957 )
927 2910 1070 2964 Atqui
1092 2908 1283 2965 vulgaris
1298 2936 1312 2956 ,
1345 2910 1431 2953 five
1447 2908 1678 2953 offieinalis
1707 2910 2024 2954 Ammoniacus

208 2961 374 3009 acidam
393 2962 709 3018 alkalinamque
729 2963 922 3008 indolem
943 2979 1028 3020 prae
1046 2965 1089 3010 se
1109 2966 1195 3010 fert
1218 2981 1231 3014 3
1251 2966 1269 3018 <
1286 2964 1506 3011 vid-Petri
1529 2966 1696 3024 Affalti
1715 2966 2025 3020 adnotationes

210 3019 263 3065 ad
280 3017 620 3066 Metallothecam
636 3022 820 3067 Mercati
839 3021 859 3074 )
885 3021 1168 3070 Vesuvianus
1194 3034 1472 3079 nequaquam
1495 3056 1507 3069 .
