<?xml version="1.0" encoding="UTF-8"?>
<!DOCTYPE html PUBLIC "-//W3C//DTD XHTML 1.0 Transitional//EN"
    "http://www.w3.org/TR/xhtml1/DTD/xhtml1-transitional.dtd">
<html xmlns="http://www.w3.org/1999/xhtml" xml:lang="en" lang="en">
 <head>
  <title>
</title>
<meta http-equiv="Content-Type" content="text/html;charset=utf-8" />
  <meta name='ocr-system' content='tesseract 3.04.00' />
  <meta name='ocr-capabilities' content='ocr_page ocr_carea ocr_par ocr_line ocrx_word'/>
</head>
<body>
  <div class='ocr_page' id='page_1' title='image "./neapolitanaescie00sera_0093.png"; bbox 0 0 2373 3340; ppageno 0'>
   <div class='ocr_carea' id='block_1_1' title="bbox 545 133 1937 211">
    <p class='ocr_par' dir='ltr' id='par_1_1' title="bbox 545 133 1937 211">
     <span class='ocr_line' id='line_1_1' title="bbox 545 133 1937 211; baseline -0.007 -13"><span class='ocrx_word' id='word_1_1' title='bbox 545 137 952 199; x_wconf 80' lang='lat' dir='ltr'>CAPUT</span> <span class='ocrx_word' id='word_1_2' title='bbox 1062 133 1724 211; x_wconf 68' lang='lat' dir='ltr'><strong>QuARTUM.</strong></span> <span class='ocrx_word' id='word_1_3' title='bbox 1875 140 1937 189; x_wconf 53' lang='grc' dir='ltr'><em>ω</em></span> 
     </span>
    </p>
   </div>
   <div class='ocr_carea' id='block_1_2' title="bbox 204 264 2036 2565">
    <p class='ocr_par' dir='ltr' id='par_1_2' title="bbox 213 264 2036 1924">
     <span class='ocr_line' id='line_1_2' title="bbox 378 264 2026 335; baseline -0.007 -5"><span class='ocrx_word' id='word_1_4' title='bbox 378 266 640 330; x_wconf 68' lang='lat' dir='ltr'><strong>Praeterea</strong></span> <span class='ocrx_word' id='word_1_5' title='bbox 680 271 779 324; x_wconf 87' lang='lat' dir='ltr'><strong>alia</strong></span> <span class='ocrx_word' id='word_1_6' title='bbox 814 268 880 324; x_wconf 90' lang='lat' dir='ltr'><strong>de</strong></span> <span class='ocrx_word' id='word_1_7' title='bbox 916 270 1064 325; x_wconf 88' lang='lat' dir='ltr'><strong>causa</strong></span> <span class='ocrx_word' id='word_1_8' title='bbox 1101 264 1395 333; x_wconf 84' lang='lat' dir='ltr'><strong>superficies</strong></span> <span class='ocrx_word' id='word_1_9' title='bbox 1449 278 1668 321; x_wconf 84' lang='lat' dir='ltr'><strong>externa</strong></span> <span class='ocrx_word' id='word_1_10' title='bbox 1707 266 1893 335; x_wconf 87' lang='lat' dir='ltr'><strong>glareae</strong></span> <span class='ocrx_word' id='word_1_11' title='bbox 1933 268 2026 318; x_wconf 87' lang='lat' dir='ltr'><strong>im-</strong></span> 
     </span>
     <span class='ocr_line' id='line_1_3' title="bbox 234 336 2028 416; baseline -0.007 -15"><span class='ocrx_word' id='word_1_12' title='bbox 234 362 381 416; x_wconf 85' lang='lat' dir='ltr'><strong>purae</strong></span> <span class='ocrx_word' id='word_1_13' title='bbox 420 344 532 413; x_wconf 85' lang='lat' dir='ltr'><strong>post</strong></span> <span class='ocrx_word' id='word_1_14' title='bbox 573 340 1016 414; x_wconf 77' lang='lat' dir='ltr'><strong>refrigerationem</strong></span> <span class='ocrx_word' id='word_1_15' title='bbox 1055 356 1158 392; x_wconf 90' lang='lat' dir='ltr'><strong>non</strong></span> <span class='ocrx_word' id='word_1_16' title='bbox 1198 339 1367 405; x_wconf 86' lang='lat' dir='ltr'><strong>potest</strong></span> <span class='ocrx_word' id='word_1_17' title='bbox 1407 338 1509 391; x_wconf 78' lang='lat' dir='ltr'><strong>effe</strong></span> <span class='ocrx_word' id='word_1_18' title='bbox 1551 336 1778 406; x_wconf 47' lang='lat' dir='ltr'><strong>perfecie</strong></span> <span class='ocrx_word' id='word_1_19' title='bbox 1820 339 2028 408; x_wconf 74' lang='lat' dir='ltr'><strong>laeviga—</strong></span> 
     </span>
     <span class='ocr_line' id='line_1_4' title="bbox 233 409 2028 484; baseline -0.004 -13"><span class='ocrx_word' id='word_1_20' title='bbox 233 432 289 471; x_wconf 86' lang='lat' dir='ltr'><strong>ta</strong></span> <span class='ocrx_word' id='word_1_21' title='bbox 319 454 334 481; x_wconf 90' lang='lat'><strong>,</strong></span> <span class='ocrx_word' id='word_1_22' title='bbox 367 416 450 472; x_wconf 88' lang='lat' dir='ltr'><strong>sed</strong></span> <span class='ocrx_word' id='word_1_23' title='bbox 478 421 576 469; x_wconf 89' lang='lat' dir='ltr'><strong>erit</strong></span> <span class='ocrx_word' id='word_1_24' title='bbox 605 415 784 484; x_wconf 84' lang='lat' dir='ltr'><strong>aspera</strong></span> <span class='ocrx_word' id='word_1_25' title='bbox 812 450 828 477; x_wconf 92' lang='lat'>‚</span> <span class='ocrx_word' id='word_1_26' title='bbox 858 430 927 466; x_wconf 85' lang='lat' dir='ltr'><strong>ex</strong></span> <span class='ocrx_word' id='word_1_27' title='bbox 956 411 1104 464; x_wconf 80' lang='lat' dir='ltr'><strong>undis</strong></span> <span class='ocrx_word' id='word_1_28' title='bbox 1133 448 1147 474; x_wconf 90' lang='lat'><strong>,</strong></span> <span class='ocrx_word' id='word_1_29' title='bbox 1178 411 1224 462; x_wconf 89' lang='grc'><strong>8(</strong></span> <span class='ocrx_word' id='word_1_30' title='bbox 1268 412 1560 462; x_wconf 84' lang='lat' dir='ltr'>monticulis</span> <span class='ocrx_word' id='word_1_31' title='bbox 1603 409 1884 476; x_wconf 75' lang='lat' dir='ltr'><strong>composita</strong></span> <span class='ocrx_word' id='word_1_32' title='bbox 1915 429 1930 462; x_wconf 74' lang='grc' dir='ltr'><strong><em>ε</em></strong></span> <span class='ocrx_word' id='word_1_33' title='bbox 1979 416 2028 463; x_wconf 86' lang='lat' dir='ltr'><strong>in</strong></span> 
     </span>
     <span class='ocr_line' id='line_1_5' title="bbox 234 481 2029 556; baseline -0.006 -13"><span class='ocrx_word' id='word_1_34' title='bbox 234 490 313 543; x_wconf 84' lang='lat' dir='ltr'><strong>his</strong></span> <span class='ocrx_word' id='word_1_35' title='bbox 342 497 476 543; x_wconf 89' lang='lat' dir='ltr'><strong>enim</strong></span> <span class='ocrx_word' id='word_1_36' title='bbox 508 486 854 556; x_wconf 72' lang='lat' dir='ltr'>proculdubio</span> <span class='ocrx_word' id='word_1_37' title='bbox 892 496 1111 539; x_wconf 86' lang='lat' dir='ltr'><strong>externa</strong></span> <span class='ocrx_word' id='word_1_38' title='bbox 1150 481 1444 551; x_wconf 84' lang='lat' dir='ltr'><strong>superficies</strong></span> <span class='ocrx_word' id='word_1_39' title='bbox 1484 482 1590 533; x_wconf 84' lang='lat' dir='ltr'><strong>aeri</strong></span> <span class='ocrx_word' id='word_1_40' title='bbox 1629 483 1872 549; x_wconf 80' lang='lat' dir='ltr'><strong>contigua</strong></span> <span class='ocrx_word' id='word_1_41' title='bbox 1904 497 2029 534; x_wconf 86' lang='lat' dir='ltr'><strong>con-</strong></span> 
     </span>
     <span class='ocr_line' id='line_1_6' title="bbox 232 552 2032 626; baseline -0.006 -11"><span class='ocrx_word' id='word_1_42' title='bbox 232 563 411 615; x_wconf 88' lang='lat' dir='ltr'><strong>crescit</strong></span> <span class='ocrx_word' id='word_1_43' title='bbox 439 598 456 625; x_wconf 85' lang='lat'>,</span> <span class='ocrx_word' id='word_1_44' title='bbox 487 562 606 614; x_wconf 90' lang='lat' dir='ltr'><strong>licet</strong></span> <span class='ocrx_word' id='word_1_45' title='bbox 644 559 897 612; x_wconf 81' lang='lat' dir='ltr'><strong>duritiem</strong></span> <span class='ocrx_word' id='word_1_46' title='bbox 926 554 1281 610; x_wconf 87' lang='lat' dir='ltr'><strong>omnimodam</strong></span> <span class='ocrx_word' id='word_1_47' title='bbox 1319 572 1423 607; x_wconf 92' lang='lat' dir='ltr'><strong>non</strong></span> <span class='ocrx_word' id='word_1_48' title='bbox 1463 552 1631 606; x_wconf 90' lang='lat' dir='ltr'><strong>subito</strong></span> <span class='ocrx_word' id='word_1_49' title='bbox 1671 588 1687 614; x_wconf 89' lang='lat'>,</span> <span class='ocrx_word' id='word_1_50' title='bbox 1743 553 1791 607; x_wconf 85' lang='grc'><strong>8(</strong></span> <span class='ocrx_word' id='word_1_51' title='bbox 1832 554 2032 626; x_wconf 88' lang='lat' dir='ltr'><strong>ubique</strong></span> 
     </span>
     <span class='ocr_line' id='line_1_7' title="bbox 228 623 2025 705; baseline -0.004 -20"><span class='ocrx_word' id='word_1_52' title='bbox 228 639 473 705; x_wconf 85' lang='lat' dir='ltr'><strong>acquirat</strong></span> <span class='ocrx_word' id='word_1_53' title='bbox 501 652 520 686; x_wconf 89' lang='lat'><strong>.·</strong></span> <span class='ocrx_word' id='word_1_54' title='bbox 557 646 612 685; x_wconf 91' lang='lat' dir='ltr'><strong>at</strong></span> <span class='ocrx_word' id='word_1_55' title='bbox 653 635 861 683; x_wconf 84' lang='lat' dir='ltr'><strong>internae</strong></span> <span class='ocrx_word' id='word_1_56' title='bbox 889 642 1064 698; x_wconf 87' lang='lat' dir='ltr'><strong>partes</strong></span> <span class='ocrx_word' id='word_1_57' title='bbox 1094 626 1323 690; x_wconf 83' lang='lat' dir='ltr'><strong>ejusdem</strong></span> <span class='ocrx_word' id='word_1_58' title='bbox 1351 625 1521 679; x_wconf 79' lang='lat' dir='ltr'><strong>maffae</strong></span> <span class='ocrx_word' id='word_1_59' title='bbox 1549 623 1724 678; x_wconf 89' lang='lat' dir='ltr'><strong>adhuc</strong></span> <span class='ocrx_word' id='word_1_60' title='bbox 1752 623 2025 679; x_wconf 84' lang='lat' dir='ltr'><strong>ferventes</strong></span> 
     </span>
     <span class='ocr_line' id='line_1_8' title="bbox 227 697 2027 769; baseline -0.004 -13"><span class='ocrx_word' id='word_1_61' title='bbox 227 709 501 758; x_wconf 87' lang='lat' dir='ltr'><strong>raritatem</strong></span> <span class='ocrx_word' id='word_1_62' title='bbox 522 736 538 762; x_wconf 92' lang='lat'>,</span> <span class='ocrx_word' id='word_1_63' title='bbox 568 704 615 753; x_wconf 98' lang='grc'><strong>8(</strong></span> <span class='ocrx_word' id='word_1_64' title='bbox 647 701 920 755; x_wconf 85' lang='lat' dir='ltr'><strong>mollitiem</strong></span> <span class='ocrx_word' id='word_1_65' title='bbox 948 701 1215 769; x_wconf 85' lang='lat' dir='ltr'><strong>pristinam</strong></span> <span class='ocrx_word' id='word_1_66' title='bbox 1247 704 1472 751; x_wconf 85' lang='lat' dir='ltr'><strong>retinent</strong></span> <span class='ocrx_word' id='word_1_67' title='bbox 1493 734 1508 760; x_wconf 91' lang='lat'>‚</span> <span class='ocrx_word' id='word_1_68' title='bbox 1535 700 1584 752; x_wconf 88' lang='grc'><strong>8(</strong></span> <span class='ocrx_word' id='word_1_69' title='bbox 1621 698 1793 751; x_wconf 90' lang='lat' dir='ltr'><strong>multo</strong></span> <span class='ocrx_word' id='word_1_70' title='bbox 1822 697 2027 751; x_wconf 87' lang='lat' dir='ltr'><strong>tardius</strong></span> 
     </span>
     <span class='ocr_line' id='line_1_9' title="bbox 226 767 2029 843; baseline -0.004 -16"><span class='ocrx_word' id='word_1_71' title='bbox 226 777 646 843; x_wconf 78' lang='lat' dir='ltr'><strong>restringuntur,</strong></span> <span class='ocrx_word' id='word_1_72' title='bbox 672 773 723 823; x_wconf 89' lang='grc'><strong>8(</strong></span> <span class='ocrx_word' id='word_1_73' title='bbox 753 772 1129 823; x_wconf 81' lang='lat' dir='ltr'><strong>condensantur</strong></span> <span class='ocrx_word' id='word_1_74' title='bbox 1159 808 1171 821; x_wconf 87' lang='lat'><strong>.</strong></span> <span class='ocrx_word' id='word_1_75' title='bbox 1203 770 1377 840; x_wconf 85' lang='lat' dir='ltr'><strong>Igitur</strong></span> <span class='ocrx_word' id='word_1_76' title='bbox 1405 769 1735 838; x_wconf 89' lang='lat' dir='ltr'><strong>concipienda</strong></span> <span class='ocrx_word' id='word_1_77' title='bbox 1763 771 1837 822; x_wconf 90' lang='lat' dir='ltr'><strong>est</strong></span> <span class='ocrx_word' id='word_1_78' title='bbox 1866 767 2029 821; x_wconf 61' lang='lat' dir='ltr'><strong>maffia</strong></span> 
     </span>
     <span class='ocr_line' id='line_1_10' title="bbox 222 840 2029 912; baseline -0.002 -14"><span class='ocrx_word' id='word_1_79' title='bbox 222 846 309 898; x_wconf 86' lang='lat' dir='ltr'><strong>illa</strong></span> <span class='ocrx_word' id='word_1_80' title='bbox 350 845 633 901; x_wconf 73' lang='lat' dir='ltr'><strong>viti-ificata</strong></span> <span class='ocrx_word' id='word_1_81' title='bbox 673 841 1045 912; x_wconf 87' lang='lat' dir='ltr'><strong>comprehensa</strong></span> <span class='ocrx_word' id='word_1_82' title='bbox 1076 840 1106 895; x_wconf 71' lang='lat' dir='ltr'><strong>a</strong></span> <span class='ocrx_word' id='word_1_83' title='bbox 1139 844 1289 897; x_wconf 89' lang='lat' dir='ltr'><strong>veste</strong></span> <span class='ocrx_word' id='word_1_84' title='bbox 1319 879 1334 904; x_wconf 89' lang='lat'>‚</span> <span class='ocrx_word' id='word_1_85' title='bbox 1374 842 1461 895; x_wconf 69' lang='lat' dir='ltr'><strong>stu</strong></span> <span class='ocrx_word' id='word_1_86' title='bbox 1500 844 1693 894; x_wconf 88' lang='lat' dir='ltr'><strong>cortice</strong></span> <span class='ocrx_word' id='word_1_87' title='bbox 1731 857 1919 910; x_wconf 86' lang='lat' dir='ltr'><strong>magna</strong></span> <span class='ocrx_word' id='word_1_88' title='bbox 1959 857 2029 895; x_wconf 81' lang='lat' dir='ltr'><strong>ex</strong></span> 
     </span>
     <span class='ocr_line' id='line_1_11' title="bbox 222 911 2034 987; baseline -0.002 -17"><span class='ocrx_word' id='word_1_89' title='bbox 222 929 379 987; x_wconf 82' lang='lat' dir='ltr'><strong>parte</strong></span> <span class='ocrx_word' id='word_1_90' title='bbox 408 927 657 971; x_wconf 86' lang='lat' dir='ltr'><strong>concreto</strong></span> <span class='ocrx_word' id='word_1_91' title='bbox 686 950 701 978; x_wconf 91' lang='lat'>,</span> <span class='ocrx_word' id='word_1_92' title='bbox 729 915 779 968; x_wconf 87' lang='grc'><strong>8(</strong></span> <span class='ocrx_word' id='word_1_93' title='bbox 811 913 1058 967; x_wconf 88' lang='lat' dir='ltr'><strong>indurato</strong></span> <span class='ocrx_word' id='word_1_94' title='bbox 1085 917 1134 965; x_wconf 91' lang='lat' dir='ltr'><strong>in</strong></span> <span class='ocrx_word' id='word_1_95' title='bbox 1166 912 1424 984; x_wconf 82' lang='lat' dir='ltr'><strong>aliquibus</strong></span> <span class='ocrx_word' id='word_1_96' title='bbox 1456 911 1718 980; x_wconf 80' lang='lat' dir='ltr'><strong>particulis</strong></span> <span class='ocrx_word' id='word_1_97' title='bbox 1750 912 2034 985; x_wconf 79' lang='lat' dir='ltr'><strong>heteroge-</strong></span> 
     </span>
     <span class='ocr_line' id='line_1_12' title="bbox 223 984 2032 1058; baseline -0.001 -17"><span class='ocrx_word' id='word_1_98' title='bbox 223 992 336 1043; x_wconf 87' lang='lat' dir='ltr'><strong>neis</strong></span> <span class='ocrx_word' id='word_1_99' title='bbox 378 988 555 1040; x_wconf 83' lang='lat' dir='ltr'><strong>fufioni</strong></span> <span class='ocrx_word' id='word_1_100' title='bbox 596 991 760 1058; x_wconf 84' lang='lat' dir='ltr'><strong>magis</strong></span> <span class='ocrx_word' id='word_1_101' title='bbox 798 985 1144 1041; x_wconf 73' lang='lat' dir='ltr'><strong>resistentibus</strong></span> <span class='ocrx_word' id='word_1_102' title='bbox 1179 1020 1195 1047; x_wconf 89' lang='lat'>‚</span> <span class='ocrx_word' id='word_1_103' title='bbox 1255 985 1339 1037; x_wconf 78' lang='lat' dir='ltr'><strong>{ed</strong></span> <span class='ocrx_word' id='word_1_104' title='bbox 1378 984 1768 1056; x_wconf 88' lang='lat' dir='ltr'><strong>aliquantulum</strong></span> <span class='ocrx_word' id='word_1_105' title='bbox 1811 986 2032 1040; x_wconf 81' lang='lat' dir='ltr'><strong>cedente</strong></span> 
     </span>
     <span class='ocr_line' id='line_1_13' title="bbox 221 1057 2029 1128; baseline -0.001 -15"><span class='ocrx_word' id='word_1_106' title='bbox 221 1064 273 1113; x_wconf 90' lang='lat' dir='ltr'><strong>in</strong></span> <span class='ocrx_word' id='word_1_107' title='bbox 302 1061 412 1113; x_wconf 89' lang='lat' dir='ltr'><strong>aliis</strong></span> <span class='ocrx_word' id='word_1_108' title='bbox 442 1058 681 1128; x_wconf 85' lang='lat' dir='ltr'><strong>partibus</strong></span> <span class='ocrx_word' id='word_1_109' title='bbox 711 1059 821 1124; x_wconf 82' lang='lat' dir='ltr'><strong>ejus</strong></span> <span class='ocrx_word' id='word_1_110' title='bbox 860 1078 876 1113; x_wconf 72' lang='grc' dir='ltr'><strong><em>ε</em></strong></span> <span class='ocrx_word' id='word_1_111' title='bbox 933 1073 1056 1113; x_wconf 88' lang='lat' dir='ltr'><strong>curn</strong></span> <span class='ocrx_word' id='word_1_112' title='bbox 1086 1057 1225 1112; x_wconf 73' lang='lat' dir='ltr'><strong>vero</strong></span> <span class='ocrx_word' id='word_1_113' title='bbox 1257 1058 1645 1127; x_wconf 81' lang='lat' dir='ltr'><strong>restringuntur</strong></span> <span class='ocrx_word' id='word_1_114' title='bbox 1673 1061 1881 1111; x_wconf 84' lang='lat' dir='ltr'><strong>internae</strong></span> <span class='ocrx_word' id='word_1_115' title='bbox 1911 1074 2029 1126; x_wconf 87' lang='lat' dir='ltr'><strong>par—</strong></span> 
     </span>
     <span class='ocr_line' id='line_1_14' title="bbox 223 1130 2030 1203; baseline -0.001 -18"><span class='ocrx_word' id='word_1_116' title='bbox 223 1143 305 1186; x_wconf 81' lang='lat' dir='ltr'><strong>tes</strong></span> <span class='ocrx_word' id='word_1_117' title='bbox 336 1170 351 1195; x_wconf 94' lang='lat'>,</span> <span class='ocrx_word' id='word_1_118' title='bbox 379 1150 481 1185; x_wconf 91' lang='lat' dir='ltr'><strong>non</strong></span> <span class='ocrx_word' id='word_1_119' title='bbox 510 1133 681 1199; x_wconf 90' lang='lat' dir='ltr'><strong>potest</strong></span> <span class='ocrx_word' id='word_1_120' title='bbox 710 1134 894 1203; x_wconf 81' lang='lat' dir='ltr'><strong>aequali</strong></span> <span class='ocrx_word' id='word_1_121' title='bbox 933 1130 1173 1185; x_wconf 86' lang='lat' dir='ltr'><strong>mensura</strong></span> <span class='ocrx_word' id='word_1_122' title='bbox 1202 1130 1485 1200; x_wconf 68' lang='lat' dir='ltr'><strong>constringi</strong></span> <span class='ocrx_word' id='word_1_123' title='bbox 1518 1142 1705 1182; x_wconf 85' lang='lat' dir='ltr'><strong>cortex</strong></span> <span class='ocrx_word' id='word_1_124' title='bbox 1741 1130 1823 1183; x_wconf 90' lang='lat' dir='ltr'><strong>ille</strong></span> <span class='ocrx_word' id='word_1_125' title='bbox 1853 1144 2030 1183; x_wconf 44' lang='lat' dir='ltr'><strong>exter*</strong></span> 
     </span>
     <span class='ocr_line' id='line_1_15' title="bbox 222 1202 2034 1270; baseline 0 -15"><span class='ocrx_word' id='word_1_126' title='bbox 222 1218 323 1255; x_wconf 86' lang='lat' dir='ltr'><strong>nus</strong></span> <span class='ocrx_word' id='word_1_127' title='bbox 361 1217 550 1270; x_wconf 84' lang='lat' dir='ltr'><strong>magna</strong></span> <span class='ocrx_word' id='word_1_128' title='bbox 588 1217 657 1252; x_wconf 85' lang='lat' dir='ltr'><strong>ex</strong></span> <span class='ocrx_word' id='word_1_129' title='bbox 697 1214 852 1270; x_wconf 89' lang='lat' dir='ltr'><strong>parte</strong></span> <span class='ocrx_word' id='word_1_130' title='bbox 893 1203 1088 1269; x_wconf 88' lang='lat' dir='ltr'><strong>rigidus</strong></span> <span class='ocrx_word' id='word_1_131' title='bbox 1117 1204 1165 1252; x_wconf 86' lang='lat'>&amp;</span> <span class='ocrx_word' id='word_1_132' title='bbox 1197 1202 1364 1252; x_wconf 89' lang='lat' dir='ltr'><strong>durus</strong></span> <span class='ocrx_word' id='word_1_133' title='bbox 1402 1239 1418 1264; x_wconf 88' lang='lat'>‚</span> <span class='ocrx_word' id='word_1_134' title='bbox 1473 1202 1802 1270; x_wconf 85' lang='lat' dir='ltr'><strong>proindeque</strong></span> <span class='ocrx_word' id='word_1_135' title='bbox 1832 1203 2034 1256; x_wconf 76' lang='lat' dir='ltr'><strong>necesse</strong></span> 
     </span>
     <span class='ocr_line' id='line_1_16' title="bbox 219 1270 2033 1344; baseline -0.001 -18"><span class='ocrx_word' id='word_1_136' title='bbox 219 1274 295 1327; x_wconf 90' lang='lat' dir='ltr'><strong>est</strong></span> <span class='ocrx_word' id='word_1_137' title='bbox 336 1308 352 1336; x_wconf 95' lang='lat'><em>‚</em></span> <span class='ocrx_word' id='word_1_138' title='bbox 409 1284 471 1325; x_wconf 90' lang='lat' dir='ltr'><strong>ut</strong></span> <span class='ocrx_word' id='word_1_139' title='bbox 509 1283 687 1340; x_wconf 85' lang='lat' dir='ltr'><strong>partes</strong></span> <span class='ocrx_word' id='word_1_140' title='bbox 725 1272 911 1344; x_wconf 85' lang='lat' dir='ltr'><strong>aliquae</strong></span> <span class='ocrx_word' id='word_1_141' title='bbox 947 1270 1190 1324; x_wconf 90' lang='lat' dir='ltr'><strong>duriores</strong></span> <span class='ocrx_word' id='word_1_142' title='bbox 1229 1275 1278 1323; x_wconf 92' lang='lat' dir='ltr'><strong>in</strong></span> <span class='ocrx_word' id='word_1_143' title='bbox 1317 1272 1502 1324; x_wconf 89' lang='lat' dir='ltr'><strong>eodem</strong></span> <span class='ocrx_word' id='word_1_144' title='bbox 1543 1273 1638 1323; x_wconf 79' lang='lat' dir='ltr'><strong>situ</strong></span> <span class='ocrx_word' id='word_1_145' title='bbox 1682 1286 1984 1326; x_wconf 85' lang='lat' dir='ltr'><strong>remaneant</strong></span> <span class='ocrx_word' id='word_1_146' title='bbox 2015 1311 2033 1337; x_wconf 90' lang='lat'>,</span> 
     </span>
     <span class='ocr_line' id='line_1_17' title="bbox 219 1341 2035 1416; baseline 0.001 -18"><span class='ocrx_word' id='word_1_147' title='bbox 219 1345 351 1399; x_wconf 87' lang='lat' dir='ltr'><strong>dum</strong></span> <span class='ocrx_word' id='word_1_148' title='bbox 386 1343 625 1398; x_wconf 83' lang='lat' dir='ltr'><strong>laterales</strong></span> <span class='ocrx_word' id='word_1_149' title='bbox 654 1349 822 1416; x_wconf 83' lang='lat' dir='ltr'><strong>magis</strong></span> <span class='ocrx_word' id='word_1_150' title='bbox 849 1345 1092 1400; x_wconf 88' lang='lat' dir='ltr'><strong>cedentes</strong></span> <span class='ocrx_word' id='word_1_151' title='bbox 1119 1341 1508 1397; x_wconf 87' lang='lat' dir='ltr'><strong>contrahuntur</strong></span> <span class='ocrx_word' id='word_1_152' title='bbox 1542 1344 1757 1396; x_wconf 85' lang='lat' dir='ltr'><strong>interius</strong></span> <span class='ocrx_word' id='word_1_153' title='bbox 1797 1363 1815 1410; x_wconf 81' lang='lat'><em>3</em></span> <span class='ocrx_word' id='word_1_154' title='bbox 1873 1347 1922 1400; x_wconf 90' lang='grc'><strong>8(</strong></span> <span class='ocrx_word' id='word_1_155' title='bbox 1970 1346 2035 1400; x_wconf 78' lang='lat' dir='ltr'><strong>sic</strong></span> 
     </span>
     <span class='ocr_line' id='line_1_18' title="bbox 217 1416 2034 1489; baseline 0.001 -19"><span class='ocrx_word' id='word_1_156' title='bbox 217 1416 482 1475; x_wconf 86' lang='lat' dir='ltr'><strong>efficietur</strong></span> <span class='ocrx_word' id='word_1_157' title='bbox 514 1421 649 1472; x_wconf 90' lang='lat' dir='ltr'><strong>cutis</strong></span> <span class='ocrx_word' id='word_1_158' title='bbox 680 1417 869 1489; x_wconf 87' lang='lat' dir='ltr'><strong>rugosa</strong></span> <span class='ocrx_word' id='word_1_159' title='bbox 897 1454 915 1482; x_wconf 90' lang='lat'>,</span> <span class='ocrx_word' id='word_1_160' title='bbox 944 1433 1048 1471; x_wconf 88' lang='lat' dir='ltr'><strong>non</strong></span> <span class='ocrx_word' id='word_1_161' title='bbox 1088 1416 1229 1471; x_wconf 88' lang='lat' dir='ltr'><strong>secus</strong></span> <span class='ocrx_word' id='word_1_162' title='bbox 1259 1433 1318 1469; x_wconf 90' lang='lat' dir='ltr'><strong>ac</strong></span> <span class='ocrx_word' id='word_1_163' title='bbox 1347 1420 1397 1470; x_wconf 90' lang='lat' dir='ltr'><strong>in</strong></span> <span class='ocrx_word' id='word_1_164' title='bbox 1427 1418 1558 1470; x_wconf 71' lang='lat' dir='ltr'><strong>senili</strong></span> <span class='ocrx_word' id='word_1_165' title='bbox 1589 1421 1731 1470; x_wconf 90' lang='lat' dir='ltr'><strong>corio</strong></span> <span class='ocrx_word' id='word_1_166' title='bbox 1760 1423 2034 1489; x_wconf 82' lang='lat' dir='ltr'><strong>contingit,</strong></span> 
     </span>
     <span class='ocr_line' id='line_1_19' title="bbox 215 1489 2036 1561; baseline 0.001 -20"><span class='ocrx_word' id='word_1_167' title='bbox 215 1490 368 1561; x_wconf 90' lang='lat' dir='ltr'><strong>quod</strong></span> <span class='ocrx_word' id='word_1_168' title='bbox 396 1493 520 1544; x_wconf 88' lang='lat' dir='ltr'><strong>olim</strong></span> <span class='ocrx_word' id='word_1_169' title='bbox 549 1490 901 1561; x_wconf 84' lang='lat' dir='ltr'><strong>ampliabatur</strong></span> <span class='ocrx_word' id='word_1_170' title='bbox 932 1490 1000 1543; x_wconf 87' lang='lat' dir='ltr'><strong>ab</strong></span> <span class='ocrx_word' id='word_1_171' title='bbox 1028 1489 1344 1544; x_wconf 86' lang='lat' dir='ltr'><strong>abundantia</strong></span> <span class='ocrx_word' id='word_1_172' title='bbox 1376 1492 1611 1544; x_wconf 87' lang='lat' dir='ltr'><strong>carnium</strong></span> <span class='ocrx_word' id='word_1_173' title='bbox 1639 1525 1655 1552; x_wconf 84' lang='lat'>‚</span> <span class='ocrx_word' id='word_1_174' title='bbox 1686 1490 2036 1560; x_wconf 81' lang='lat' dir='ltr'><strong>pinguedinis,</strong></span> 
     </span>
     <span class='ocr_line' id='line_1_20' title="bbox 217 1560 2028 1633; baseline 0.001 -19"><span class='ocrx_word' id='word_1_175' title='bbox 217 1564 269 1614; x_wconf 89' lang='grc'><strong>8(</strong></span> <span class='ocrx_word' id='word_1_176' title='bbox 305 1562 596 1615; x_wconf 89' lang='lat' dir='ltr'><strong>humorum</strong></span> <span class='ocrx_word' id='word_1_177' title='bbox 626 1598 642 1625; x_wconf 90' lang='lat'>‚</span> <span class='ocrx_word' id='word_1_178' title='bbox 700 1561 750 1616; x_wconf 89' lang='grc'><strong>8(</strong></span> <span class='ocrx_word' id='word_1_179' title='bbox 808 1560 1093 1633; x_wconf 82' lang='lat' dir='ltr'><strong>progreflu</strong></span> <span class='ocrx_word' id='word_1_180' title='bbox 1130 1566 1292 1615; x_wconf 68' lang='lat' dir='ltr'><strong>aetatis</strong></span> <span class='ocrx_word' id='word_1_181' title='bbox 1330 1562 1635 1613; x_wconf 88' lang='lat' dir='ltr'><strong>induratum</strong></span> <span class='ocrx_word' id='word_1_182' title='bbox 1677 1597 1692 1623; x_wconf 90' lang='lat'>,</span> <span class='ocrx_word' id='word_1_183' title='bbox 1748 1562 2028 1616; x_wconf 86' lang='lat' dir='ltr'><strong>deficiente</strong></span> 
     </span>
     <span class='ocr_line' id='line_1_21' title="bbox 215 1632 2028 1707; baseline 0.002 -24"><span class='ocrx_word' id='word_1_184' title='bbox 215 1634 536 1702; x_wconf 83' lang='lat' dir='ltr'><strong>pinguedine</strong></span> <span class='ocrx_word' id='word_1_185' title='bbox 564 1669 581 1697; x_wconf 91' lang='lat'>,</span> <span class='ocrx_word' id='word_1_186' title='bbox 609 1650 730 1707; x_wconf 82' lang='lat' dir='ltr'><strong>quae</strong></span> <span class='ocrx_word' id='word_1_187' title='bbox 758 1634 868 1698; x_wconf 86' lang='lat' dir='ltr'><strong>ejus</strong></span> <span class='ocrx_word' id='word_1_188' title='bbox 896 1638 1182 1689; x_wconf 84' lang='lat' dir='ltr'><strong>cavitatem</strong></span> <span class='ocrx_word' id='word_1_189' title='bbox 1218 1632 1482 1701; x_wconf 88' lang='lat' dir='ltr'><strong>replebat,</strong></span> <span class='ocrx_word' id='word_1_190' title='bbox 1513 1632 1792 1685; x_wconf 82' lang='lat' dir='ltr'><strong>neceffario</strong></span> <span class='ocrx_word' id='word_1_191' title='bbox 1821 1646 2028 1687; x_wconf 84' lang='lat' dir='ltr'><strong>contra-</strong></span> 
     </span>
     <span class='ocr_line' id='line_1_22' title="bbox 217 1703 2031 1778; baseline 0.002 -22"><span class='ocrx_word' id='word_1_192' title='bbox 217 1704 368 1757; x_wconf 85' lang='lat' dir='ltr'><strong>hitur</strong></span> <span class='ocrx_word' id='word_1_193' title='bbox 407 1725 427 1773; x_wconf 83' lang='lat'>3</span> <span class='ocrx_word' id='word_1_194' title='bbox 485 1720 719 1778; x_wconf 89' lang='lat' dir='ltr'><strong>cumque</strong></span> <span class='ocrx_word' id='word_1_195' title='bbox 746 1707 969 1759; x_wconf 87' lang='lat' dir='ltr'><strong>durities</strong></span> <span class='ocrx_word' id='word_1_196' title='bbox 997 1742 1014 1769; x_wconf 92' lang='lat'>,</span> <span class='ocrx_word' id='word_1_197' title='bbox 1055 1707 1101 1760; x_wconf 86' lang='grc'><strong>8(</strong></span> <span class='ocrx_word' id='word_1_198' title='bbox 1147 1704 1374 1777; x_wconf 85' lang='lat' dir='ltr'><strong>rigiditas</strong></span> <span class='ocrx_word' id='word_1_199' title='bbox 1408 1704 1657 1774; x_wconf 86' lang='lat' dir='ltr'><strong>impediat</strong></span> <span class='ocrx_word' id='word_1_200' title='bbox 1686 1703 1751 1758; x_wconf 76' lang='lat' dir='ltr'><strong>ne</strong></span> <span class='ocrx_word' id='word_1_201' title='bbox 1779 1706 2031 1760; x_wconf 68' lang='lat' dir='ltr'><strong>universa</strong></span> 
     </span>
     <span class='ocr_line' id='line_1_23' title="bbox 216 1774 2028 1849; baseline 0.001 -19"><span class='ocrx_word' id='word_1_202' title='bbox 216 1780 356 1831; x_wconf 84' lang='lat' dir='ltr'><strong>cutis</strong></span> <span class='ocrx_word' id='word_1_203' title='bbox 386 1778 732 1832; x_wconf 88' lang='lat' dir='ltr'><strong>contrahatur</strong></span> <span class='ocrx_word' id='word_1_204' title='bbox 761 1819 780 1846; x_wconf 83' lang='lat'><strong>,</strong></span> <span class='ocrx_word' id='word_1_205' title='bbox 813 1777 1201 1833; x_wconf 89' lang='lat' dir='ltr'><strong>remanentibus</strong></span> <span class='ocrx_word' id='word_1_206' title='bbox 1238 1774 1477 1847; x_wconf 82' lang='lat' dir='ltr'><strong>partibus</strong></span> <span class='ocrx_word' id='word_1_207' title='bbox 1516 1776 1820 1829; x_wconf 87' lang='lat' dir='ltr'><strong>durioribus</strong></span> <span class='ocrx_word' id='word_1_208' title='bbox 1857 1781 2028 1849; x_wconf 80' lang='lat' dir='ltr'><strong>magis</strong></span> 
     </span>
     <span class='ocr_line' id='line_1_24' title="bbox 213 1848 1658 1924; baseline -0.001 -22"><span class='ocrx_word' id='word_1_209' title='bbox 213 1848 441 1906; x_wconf 84' lang='lat' dir='ltr'><strong>elevatis</strong></span> <span class='ocrx_word' id='word_1_210' title='bbox 469 1887 486 1915; x_wconf 91' lang='lat'>,</span> <span class='ocrx_word' id='word_1_211' title='bbox 525 1850 921 1924; x_wconf 85' lang='lat' dir='ltr'><strong>consequuntur</strong></span> <span class='ocrx_word' id='word_1_212' title='bbox 958 1850 1261 1920; x_wconf 83' lang='lat' dir='ltr'><strong>asperitates</strong></span> <span class='ocrx_word' id='word_1_213' title='bbox 1303 1886 1317 1913; x_wconf 90' lang='lat'>‚</span> <span class='ocrx_word' id='word_1_214' title='bbox 1375 1851 1422 1902; x_wconf 90' lang='grc'><strong>8(</strong></span> <span class='ocrx_word' id='word_1_215' title='bbox 1482 1865 1658 1920; x_wconf 82' lang='lat' dir='ltr'><strong>rugae.</strong></span> 
     </span>
    </p>

    <p class='ocr_par' dir='ltr' id='par_1_3' title="bbox 204 1921 2028 2565">
     <span class='ocr_line' id='line_1_25' title="bbox 362 1921 2027 1995; baseline 0.002 -19"><span class='ocrx_word' id='word_1_216' title='bbox 362 1924 426 1976; x_wconf 90' lang='lat' dir='ltr'><strong>ld</strong></span> <span class='ocrx_word' id='word_1_217' title='bbox 467 1925 633 1993; x_wconf 89' lang='lat' dir='ltr'><strong>ipsum</strong></span> <span class='ocrx_word' id='word_1_218' title='bbox 682 1928 732 1976; x_wconf 90' lang='lat' dir='ltr'><strong>in</strong></span> <span class='ocrx_word' id='word_1_219' title='bbox 786 1923 959 1977; x_wconf 84' lang='lat' dir='ltr'><strong>nostra</strong></span> <span class='ocrx_word' id='word_1_220' title='bbox 999 1924 1175 1995; x_wconf 91' lang='lat' dir='ltr'><strong>glarea</strong></span> <span class='ocrx_word' id='word_1_221' title='bbox 1215 1923 1386 1978; x_wconf 88' lang='lat' dir='ltr'><strong>multo</strong></span> <span class='ocrx_word' id='word_1_222' title='bbox 1423 1927 1588 1993; x_wconf 82' lang='lat' dir='ltr'><strong>magis</strong></span> <span class='ocrx_word' id='word_1_223' title='bbox 1619 1921 1805 1978; x_wconf 83' lang='lat' dir='ltr'><strong>haberi</strong></span> <span class='ocrx_word' id='word_1_224' title='bbox 1835 1925 2027 1995; x_wconf 86' lang='lat' dir='ltr'><strong>potest,</strong></span> 
     </span>
     <span class='ocr_line' id='line_1_26' title="bbox 212 1991 2026 2064; baseline 0.005 -20"><span class='ocrx_word' id='word_1_225' title='bbox 212 1991 284 2045; x_wconf 93' lang='lat' dir='ltr'><strong>ob</strong></span> <span class='ocrx_word' id='word_1_226' title='bbox 314 1995 426 2058; x_wconf 81' lang='lat' dir='ltr'><strong>ejus</strong></span> <span class='ocrx_word' id='word_1_227' title='bbox 454 1995 757 2049; x_wconf 85' lang='lat' dir='ltr'><strong>difformem</strong></span> <span class='ocrx_word' id='word_1_228' title='bbox 787 1999 1020 2061; x_wconf 87' lang='lat' dir='ltr'><strong>partium</strong></span> <span class='ocrx_word' id='word_1_229' title='bbox 1049 1997 1473 2063; x_wconf 77' lang='lat' dir='ltr'><strong>compositionem</strong></span> <span class='ocrx_word' id='word_1_230' title='bbox 1502 2013 1516 2047; x_wconf 76' lang='grc' dir='ltr'><strong><em>ε</em></strong></span> <span class='ocrx_word' id='word_1_231' title='bbox 1555 1996 1603 2048; x_wconf 93' lang='grc'><strong>8(</strong></span> <span class='ocrx_word' id='word_1_232' title='bbox 1646 2010 1900 2064; x_wconf 81' lang='lat' dir='ltr'><strong>praeterea</strong></span> <span class='ocrx_word' id='word_1_233' title='bbox 1928 1999 2026 2053; x_wconf 84' lang='lat' dir='ltr'><strong>alia</strong></span> 
     </span>
     <span class='ocr_line' id='line_1_27' title="bbox 210 2062 2028 2138; baseline 0.002 -20"><span class='ocrx_word' id='word_1_234' title='bbox 210 2063 281 2118; x_wconf 89' lang='lat' dir='ltr'><strong>de</strong></span> <span class='ocrx_word' id='word_1_235' title='bbox 308 2065 457 2118; x_wconf 73' lang='lat' dir='ltr'><strong>caula</strong></span> <span class='ocrx_word' id='word_1_236' title='bbox 485 2084 504 2132; x_wconf 71' lang='grc' dir='ltr'><strong><em>ς</em></strong></span> <span class='ocrx_word' id='word_1_237' title='bbox 544 2082 612 2119; x_wconf 86' lang='lat' dir='ltr'><strong>ex</strong></span> <span class='ocrx_word' id='word_1_238' title='bbox 644 2064 870 2117; x_wconf 85' lang='lat' dir='ltr'><strong>defluxu</strong></span> <span class='ocrx_word' id='word_1_239' title='bbox 899 2062 1091 2130; x_wconf 78' lang='lat' dir='ltr'><strong>nempe</strong></span> <span class='ocrx_word' id='word_1_240' title='bbox 1118 2066 1228 2129; x_wconf 79' lang='lat' dir='ltr'><strong>ejus</strong></span> <span class='ocrx_word' id='word_1_241' title='bbox 1257 2102 1273 2129; x_wconf 90' lang='lat'><strong><em>,</em></strong></span> <span class='ocrx_word' id='word_1_242' title='bbox 1314 2079 1578 2137; x_wconf 87' lang='lat' dir='ltr'><strong>quatenus</strong></span> <span class='ocrx_word' id='word_1_243' title='bbox 1609 2066 1902 2138; x_wconf 82' lang='lat' dir='ltr'><strong>superficies</strong></span> <span class='ocrx_word' id='word_1_244' title='bbox 1930 2071 2028 2121; x_wconf 87' lang='lat' dir='ltr'><strong>ali-</strong></span> 
     </span>
     <span class='ocr_line' id='line_1_28' title="bbox 210 2138 2028 2209; baseline 0.004 -22"><span class='ocrx_word' id='word_1_245' title='bbox 210 2151 322 2207; x_wconf 89' lang='lat' dir='ltr'><strong>qua</strong></span> <span class='ocrx_word' id='word_1_246' title='bbox 355 2154 422 2190; x_wconf 85' lang='lat' dir='ltr'><strong>ex</strong></span> <span class='ocrx_word' id='word_1_247' title='bbox 451 2150 606 2208; x_wconf 88' lang='lat' dir='ltr'><strong>parte</strong></span> <span class='ocrx_word' id='word_1_248' title='bbox 633 2149 876 2191; x_wconf 86' lang='lat' dir='ltr'><strong>concreta</strong></span> <span class='ocrx_word' id='word_1_249' title='bbox 907 2138 1141 2209; x_wconf 82' lang='lat' dir='ltr'><strong>inaequali</strong></span> <span class='ocrx_word' id='word_1_250' title='bbox 1171 2140 1452 2193; x_wconf 84' lang='lat' dir='ltr'><strong>velocitate</strong></span> <span class='ocrx_word' id='word_1_251' title='bbox 1481 2144 1690 2193; x_wconf 84' lang='lat' dir='ltr'><strong>moveri</strong></span> <span class='ocrx_word' id='word_1_252' title='bbox 1718 2140 1904 2204; x_wconf 88' lang='lat' dir='ltr'><strong>debet,</strong></span> <span class='ocrx_word' id='word_1_253' title='bbox 1936 2141 2028 2195; x_wconf 88' lang='lat' dir='ltr'><strong>sci-</strong></span> 
     </span>
     <span class='ocr_line' id='line_1_29' title="bbox 207 2207 2023 2285; baseline 0.005 -27"><span class='ocrx_word' id='word_1_254' title='bbox 207 2207 333 2262; x_wconf 88' lang='lat' dir='ltr'><strong>licet</strong></span> <span class='ocrx_word' id='word_1_255' title='bbox 377 2211 614 2264; x_wconf 87' lang='lat' dir='ltr'><strong>velocius</strong></span> <span class='ocrx_word' id='word_1_256' title='bbox 651 2211 701 2262; x_wconf 86' lang='grc'><strong>8(</strong></span> <span class='ocrx_word' id='word_1_257' title='bbox 740 2207 1036 2277; x_wconf 88' lang='lat' dir='ltr'><strong>expeditius</strong></span> <span class='ocrx_word' id='word_1_258' title='bbox 1064 2208 1231 2280; x_wconf 76' lang='lat' dir='ltr'><strong>prope</strong></span> <span class='ocrx_word' id='word_1_259' title='bbox 1260 2214 1464 2263; x_wconf 89' lang='lat' dir='ltr'><strong>initium</strong></span> <span class='ocrx_word' id='word_1_260' title='bbox 1493 2208 1677 2266; x_wconf 85' lang='lat' dir='ltr'><strong>fluxus</strong></span> <span class='ocrx_word' id='word_1_261' title='bbox 1707 2250 1722 2276; x_wconf 91' lang='lat'>‚</span> <span class='ocrx_word' id='word_1_262' title='bbox 1761 2228 1924 2285; x_wconf 87' lang='lat' dir='ltr'><strong>quam</strong></span> <span class='ocrx_word' id='word_1_263' title='bbox 1971 2219 2023 2267; x_wconf 90' lang='lat' dir='ltr'><strong>in</strong></span> 
     </span>
     <span class='ocr_line' id='line_1_30' title="bbox 204 2279 2020 2351; baseline 0.005 -21"><span class='ocrx_word' id='word_1_264' title='bbox 204 2279 333 2332; x_wconf 87' lang='lat' dir='ltr'><strong>locis</strong></span> <span class='ocrx_word' id='word_1_265' title='bbox 361 2280 428 2334; x_wconf 92' lang='lat' dir='ltr'><strong>ab</strong></span> <span class='ocrx_word' id='word_1_266' title='bbox 455 2282 641 2336; x_wconf 90' lang='lat' dir='ltr'><strong>eodem</strong></span> <span class='ocrx_word' id='word_1_267' title='bbox 669 2284 925 2351; x_wconf 87' lang='lat' dir='ltr'><strong>principio</strong></span> <span class='ocrx_word' id='word_1_268' title='bbox 966 2283 1338 2337; x_wconf 88' lang='lat' dir='ltr'><strong>remotioribus</strong></span> <span class='ocrx_word' id='word_1_269' title='bbox 1375 2301 1394 2350; x_wconf 85' lang='lat'>3</span> <span class='ocrx_word' id='word_1_270' title='bbox 1453 2284 1502 2337; x_wconf 88' lang='grc'><strong>8(</strong></span> <span class='ocrx_word' id='word_1_271' title='bbox 1534 2286 1584 2335; x_wconf 89' lang='lat' dir='ltr'><strong>in</strong></span> <span class='ocrx_word' id='word_1_272' title='bbox 1614 2287 1700 2338; x_wconf 86' lang='lat' dir='ltr'><strong>tali</strong></span> <span class='ocrx_word' id='word_1_273' title='bbox 1730 2286 1850 2340; x_wconf 87' lang='lat' dir='ltr'><strong>casu</strong></span> <span class='ocrx_word' id='word_1_274' title='bbox 1879 2283 2020 2342; x_wconf 83' lang='lat' dir='ltr'><strong>effici</strong></span> 
     </span>
     <span class='ocr_line' id='line_1_31' title="bbox 205 2350 2017 2428; baseline 0.003 -25"><span class='ocrx_word' id='word_1_275' title='bbox 205 2350 402 2407; x_wconf 87' lang='lat' dir='ltr'><strong>debent</strong></span> <span class='ocrx_word' id='word_1_276' title='bbox 433 2353 819 2428; x_wconf 86' lang='lat' dir='ltr'><strong>frequentiores</strong></span> <span class='ocrx_word' id='word_1_277' title='bbox 857 2354 907 2408; x_wconf 88' lang='grc'><strong>8(</strong></span> <span class='ocrx_word' id='word_1_278' title='bbox 935 2354 1151 2410; x_wconf 84' lang='lat' dir='ltr'><strong>altiores</strong></span> <span class='ocrx_word' id='word_1_279' title='bbox 1179 2371 1325 2427; x_wconf 81' lang='lat' dir='ltr'><strong>rugae</strong></span> <span class='ocrx_word' id='word_1_280' title='bbox 1350 2392 1367 2420; x_wconf 88' lang='lat'><strong><em>,</em></strong></span> <span class='ocrx_word' id='word_1_281' title='bbox 1403 2356 1453 2409; x_wconf 90' lang='grc'><strong>8(</strong></span> <span class='ocrx_word' id='word_1_282' title='bbox 1485 2354 1786 2425; x_wconf 85' lang='lat' dir='ltr'><strong>asperitates</strong></span> <span class='ocrx_word' id='word_1_283' title='bbox 1828 2377 1848 2425; x_wconf 84' lang='lat'><strong>,-</strong></span> <span class='ocrx_word' id='word_1_284' title='bbox 1910 2375 2017 2410; x_wconf 91' lang='lat' dir='ltr'><strong>non</strong></span> 
     </span>
     <span class='ocr_line' id='line_1_32' title="bbox 207 2422 2021 2549; baseline 0.004 -75"><span class='ocrx_word' id='word_1_285' title='bbox 207 2422 353 2478; x_wconf 87' lang='lat' dir='ltr'><strong>secus</strong></span> <span class='ocrx_word' id='word_1_286' title='bbox 383 2443 444 2549; x_wconf 68' lang='lat' dir='ltr'><strong>asc</strong></span> <span class='ocrx_word' id='word_1_287' title='bbox 473 2430 728 2501; x_wconf 87' lang='lat' dir='ltr'><strong>contingit</strong></span> <span class='ocrx_word' id='word_1_288' title='bbox 757 2430 807 2481; x_wconf 89' lang='lat' dir='ltr'><strong>in</strong></span> <span class='ocrx_word' id='word_1_289' title='bbox 862 2426 979 2482; x_wconf 86' lang='lat' dir='ltr'><strong>luto</strong></span> <span class='ocrx_word' id='word_1_290' title='bbox 1038 2444 1109 2484; x_wconf 88' lang='lat' dir='ltr'><strong>ex</strong></span> <span class='ocrx_word' id='word_1_291' title='bbox 1164 2427 1505 2502; x_wconf 68' lang='lat' dir='ltr'><strong>inaequalibus</strong></span> <span class='ocrx_word' id='word_1_292' title='bbox 1557 2428 1868 2504; x_wconf 76' lang='lat' dir='ltr'><strong>fragmentis</strong></span> <span class='ocrx_word' id='word_1_293' title='bbox 1907 2445 2021 2484; x_wconf 87' lang='lat' dir='ltr'><strong>are-</strong></span> 
     </span>
     <span class='ocr_line' id='line_1_33' title="bbox 205 2508 543 2565; baseline 0.006 -17"><span class='ocrx_word' id='word_1_294' title='bbox 205 2508 401 2565; x_wconf 82' lang='lat' dir='ltr'><strong>compo</strong></span> <span class='ocrx_word' id='word_1_295' title='bbox 426 2511 500 2551; x_wconf 80' lang='lat' dir='ltr'><strong>ito</strong></span> <span class='ocrx_word' id='word_1_296' title='bbox 530 2535 543 2550; x_wconf 86' lang='lat'><strong>.</strong></span> 
     </span>
    </p>
   </div>
   <div class='ocr_carea' id='block_1_3' title="bbox 178 2643 2014 3092">
    <p class='ocr_par' dir='ltr' id='par_1_4' title="bbox 199 2643 2014 2787">
     <span class='ocr_line' id='line_1_34' title="bbox 199 2643 2014 2787; baseline 0.005 -86"><span class='ocrx_word' id='word_1_297' title='bbox 199 2643 390 2787; x_wconf 83' lang='lat' dir='ltr'><strong>EX</strong></span> <span class='ocrx_word' id='word_1_298' title='bbox 408 2646 672 2723; x_wconf 73' lang='lat' dir='ltr'><strong>propqsz&#39;ta</strong></span> <span class='ocrx_word' id='word_1_299' title='bbox 715 2648 814 2707; x_wconf 79' lang='lat' dir='ltr'><strong>bac</strong></span> <span class='ocrx_word' id='word_1_300' title='bbox 842 2645 1073 2707; x_wconf 81' lang='lat' dir='ltr'><strong>Borellii</strong></span> <span class='ocrx_word' id='word_1_301' title='bbox 1106 2648 1508 2727; x_wconf 69' lang='lat' dir='ltr'><strong>doHrinasatis</strong></span> <span class='ocrx_word' id='word_1_302' title='bbox 1533 2690 1549 2719; x_wconf 93' lang='lat'><strong>,</strong></span> <span class='ocrx_word' id='word_1_303' title='bbox 1594 2651 1767 2725; x_wconf 81' lang='lat' dir='ltr'><strong>nostro</strong></span> <span class='ocrx_word' id='word_1_304' title='bbox 1805 2652 2014 2730; x_wconf 74' lang='lat' dir='ltr'><strong>quidem</strong></span> 
     </span>
    </p>

    <p class='ocr_par' dir='ltr' id='par_1_5' title="bbox 276 2719 2011 2801">
     <span class='ocr_line' id='line_1_35' title="bbox 276 2719 2011 2801; baseline 0.001 -25"><span class='ocrx_word' id='word_1_305' title='bbox 276 2795 278 2797; x_wconf 64' lang='lat'>‚</span> <span class='ocrx_word' id='word_1_306' title='bbox 336 2719 542 2793; x_wconf 67' lang='lat' dir='ltr'><strong>judicio</strong></span> <span class='ocrx_word' id='word_1_307' title='bbox 572 2759 586 2783; x_wconf 86' lang='lat'>,</span> <span class='ocrx_word' id='word_1_308' title='bbox 604 2720 840 2797; x_wconf 53' lang='lat' dir='ltr'><strong>⁴qff&#39;ulget</strong></span> <span class='ocrx_word' id='word_1_309' title='bbox 869 2759 888 2788; x_wconf 91' lang='lat'>‚</span> <span class='ocrx_word' id='word_1_310' title='bbox 929 2726 1264 2782; x_wconf 65' lang='lat' dir='ltr'><strong>torrentium</strong></span> <span class='ocrx_word' id='word_1_311' title='bbox 1294 2762 1308 2789; x_wconf 93' lang='lat'><strong>‚</strong></span> <span class='ocrx_word' id='word_1_312' title='bbox 1364 2729 1460 2801; x_wconf 72' lang='lat' dir='ltr'><strong>qui</strong></span> <span class='ocrx_word' id='word_1_313' title='bbox 1498 2745 1524 2782; x_wconf 88' lang='lat' dir='ltr'><strong>e</strong></span> <span class='ocrx_word' id='word_1_314' title='bbox 1565 2727 1826 2783; x_wconf 76' lang='lat' dir='ltr'><strong>Vulcanis</strong></span> <span class='ocrx_word' id='word_1_315' title='bbox 1874 2724 2011 2798; x_wconf 67' lang='lat' dir='ltr'><strong>hlfie</strong></span> 
     </span>
    </p>

    <p class='ocr_par' dir='ltr' id='par_1_6' title="bbox 198 2789 2012 2872">
     <span class='ocr_line' id='line_1_36' title="bbox 198 2789 2012 2872; baseline 0.004 -28"><span class='ocrx_word' id='word_1_316' title='bbox 198 2808 425 2848; x_wconf 72' lang='lat' dir='ltr'><strong>manare</strong></span> <span class='ocrx_word' id='word_1_317' title='bbox 452 2789 778 2868; x_wconf 71' lang='lat' dir='ltr'><strong>consuerant</strong></span> <span class='ocrx_word' id='word_1_318' title='bbox 806 2832 824 2861; x_wconf 92' lang='lat'><strong><em>,</em></strong></span> <span class='ocrx_word' id='word_1_319' title='bbox 877 2801 1166 2855; x_wconf 79' lang='lat' dir='ltr'><strong>materiam</strong></span> <span class='ocrx_word' id='word_1_320' title='bbox 1195 2798 1285 2853; x_wconf 82' lang='lat' dir='ltr'><strong>nil</strong></span> <span class='ocrx_word' id='word_1_321' title='bbox 1300 2800 1463 2871; x_wconf 79' lang='lat' dir='ltr'><strong>plane</strong></span> <span class='ocrx_word' id='word_1_322' title='bbox 1488 2799 1652 2854; x_wconf 72' lang='lat' dir='ltr'><strong>aliud</strong></span> <span class='ocrx_word' id='word_1_323' title='bbox 1672 2796 1765 2870; x_wconf 79' lang='lat' dir='ltr'><strong>eſje</strong></span> <span class='ocrx_word' id='word_1_324' title='bbox 1797 2837 1813 2863; x_wconf 91' lang='lat'>‚</span> <span class='ocrx_word' id='word_1_325' title='bbox 1852 2814 2012 2872; x_wconf 72' lang='lat' dir='ltr'><strong>qaam</strong></span> 
     </span>
    </p>

    <p class='ocr_par' dir='ltr' id='par_1_7' title="bbox 178 2861 2012 2946">
     <span class='ocr_line' id='line_1_37' title="bbox 178 2861 2012 2946; baseline 0.003 -28"><span class='ocrx_word' id='word_1_326' title='bbox 178 2861 326 2937; x_wconf 79' lang='lat' dir='ltr'><strong>saxa</strong></span> <span class='ocrx_word' id='word_1_327' title='bbox 353 2901 367 2927; x_wconf 94' lang='lat'>‚</span> <span class='ocrx_word' id='word_1_328' title='bbox 400 2864 707 2943; x_wconf 71' lang='lat' dir='ltr'><strong>lapillcffqae</strong></span> <span class='ocrx_word' id='word_1_329' title='bbox 738 2905 753 2933; x_wconf 90' lang='lat'>‚</span> <span class='ocrx_word' id='word_1_330' title='bbox 793 2870 1120 2946; x_wconf 72' lang='lat' dir='ltr'><strong>maximeque</strong></span> <span class='ocrx_word' id='word_1_331' title='bbox 1144 2867 1394 2945; x_wconf 72' lang='lat' dir='ltr'><strong>fabulam</strong></span> <span class='ocrx_word' id='word_1_332' title='bbox 1426 2873 1542 2946; x_wconf 75' lang='lat' dir='ltr'><strong>igni</strong></span> <span class='ocrx_word' id='word_1_333' title='bbox 1563 2871 1881 2946; x_wconf 67' lang='lat' dir='ltr'><strong>praevalido,</strong></span> <span class='ocrx_word' id='word_1_334' title='bbox 1943 2885 2012 2924; x_wconf 74' lang='lat' dir='ltr'><strong>ao</strong></span> 
     </span>
    </p>

    <p class='ocr_par' dir='ltr' id='par_1_8' title="bbox 198 2887 2008 3092">
     <span class='ocr_line' id='line_1_38' title="bbox 198 2887 2008 3092; baseline 0.01 -100"><span class='ocrx_word' id='word_1_335' title='bbox 198 2948 442 3015; x_wconf 79' lang='lat' dir='ltr'><strong>correpta</strong></span> <span class='ocrx_word' id='word_1_336' title='bbox 452 2937 597 3014; x_wconf 71' lang='lat' dir='ltr'><strong>sunt</strong></span> <span class='ocrx_word' id='word_1_337' title='bbox 624 2977 643 3009; x_wconf 88' lang='lat'>,</span> <span class='ocrx_word' id='word_1_338' title='bbox 671 2936 920 3019; x_wconf 72' lang='lat' dir='ltr'><strong>absumta</strong></span> <span class='ocrx_word' id='word_1_339' title='bbox 948 2953 1112 3021; x_wconf 76' lang='lat' dir='ltr'><strong>atque</strong></span> <span class='ocrx_word' id='word_1_340' title='bbox 1139 2945 1358 3072; x_wconf 56' lang='lat' dir='ltr'><strong>liqugta</strong></span> <span class='ocrx_word' id='word_1_341' title='bbox 1385 2962 1406 3014; x_wconf 80' lang='lat'>3</span> <span class='ocrx_word' id='word_1_342' title='bbox 1446 2887 2008 3092; x_wconf 45' lang='lat' dir='ltr'><strong>conspirantibuffr‘·</strong></span> 
     </span>
     <span class='ocr_line' id='line_1_39' title="bbox 1511 3026 1938 3073; baseline -0.005 -2"><span class='ocrx_word' id='word_1_343' title='bbox 1511 3057 1513 3059; x_wconf 87' lang='lat'><em>-</em></span> <span class='ocrx_word' id='word_1_344' title='bbox 1801 3026 1865 3073; x_wconf 78' lang='lat' dir='ltr'><strong>ta</strong></span> <span class='ocrx_word' id='word_1_345' title='bbox 1910 3033 1938 3070; x_wconf 77' lang='lat' dir='ltr'><strong>e</strong></span> 
     </span>
    </p>
   </div>
  </div>
 </body>
</html>
