2373 3340
425 173 495 217 52
656 148 760 202 m:
813 140 1133 204 vEsuvu
1183 135 1914 215 CONFLAGRATIONE

351 277 618 353 quandam
641 275 777 332 duos
796 274 969 353 ferme
989 274 1188 350 palmos
1219 273 1395 330 altam
1423 272 1788 347 ffnderunt‚
1820 276 2101 332 ardentem
2128 310 2147 342 ‚

351 349 695 423 vividamque
731 368 748 415 3
780 362 848 404 ut
874 346 1020 421 saxa
1048 343 1244 423 scrobis
1284 347 1434 400 illius
1464 384 1478 411 ,
1507 349 1675 420 igniti
1698 346 1846 416 ferri
1873 349 2152 404 candorem

346 439 406 477 re
434 434 619 477 errent
651 461 663 475 .
693 416 1055 498 Arreptorum
1083 421 1201 475 inde
1229 421 1466 495 lapidum
1495 457 1510 484 ‚
1540 421 1632 494 qui
1661 431 1941 491 tantopere
1970 422 2145 476 adbuc

350 492 669 566 ignefierent
700 533 716 560 ,
771 514 889 550 cum
913 492 1260 572 soliditatem
1301 493 1499 550 crebris
1544 490 1910 567 gravibusque
1967 494 2152 549 mallei

349 566 543 624 iffiibus
570 567 870 642 tentassent
900 606 915 632 ‚
946 586 1051 624 non
1080 568 1251 624 cedere
1277 567 1370 621 illi
1404 566 1610 641 quidem
1641 604 1654 629 ‚
1668 560 1770 642 sed
1793 569 2001 620 conteri
2032 581 2146 620 ma-

339 642 425 715 gis
454 678 470 705 ‚
499 645 659 713 inque
697 639 1070 715 minutiffimas
1126 635 1481 714 micantesque
1514 651 1699 714 partes
1738 638 1889 692 abire
1925 658 1942 691 ε
1979 650 2153 693 tanta

348 725 524 787 nempe
561 713 674 768 illis
693 711 948 780 firmitas
974 750 990 772 ,
1007 711 1360 784 soliditasque
1400 715 1585 768 inerat
1627 751 1640 765 .
1680 710 1825 764 Tum
1864 726 1993 766 vero
2031 711 2157 763 aliis

346 803 549 861 quoq-ue
587 783 922 858 argumentis
961 782 1175 834 eandem
1214 787 1478 833 torrentis
1514 786 1628 835 vim
1668 786 1876 851 igneam
1914 783 2159 854 explora·-

345 876 407 912 re
428 870 667 934 pergunt
698 897 710 909 .
740 856 895 910 Saxis
926 853 1040 907 illis
1070 848 1385 906 ardentibus
1407 849 1616 923 plumbi
1635 849 1944 923 frustulum
1971 856 2158 909 conicae

332 927 535 1004 figurae
572 929 833 1001 injiciunt
867 964 881 990 ‚
907 924 1132 1001 pondere
1170 924 1407 978 duarum
1444 921 1737 976 unciarum
1776 943 1793 985 3
1836 928 1988 998 idque
2026 945 2161 983 com-

339 1005 571 1078 periunt
602 1004 704 1058 ‘vix'
733 1002 913 1055 altero
935 999 1075 1053 horae
1104 1000 1314 1052 minuto
1342 991 1625 1068 transatio
1658 992 1949 1068 mollescere
1978 1019 1994 1052 :
2043 997 2157 1071 post

349 1070 675 1130 tertium&
701 1073 981 1125 dimidium
999 1069 1163 1139 plane
1190 1066 1455 1140 diliquisse
1482 1072 1661 1132 ita3ut
1682 1079 1779 1141 per
1809 1074 2157 1122 occurrentia

334 1142 603 1222 saxorum
631 1142 940 1198 intervalla
969 1139 1232 1211 deflueret.
1270 1137 1531 1196 Alterum
1569 1141 1737 1193 etiam
1755 1138 1972 1213 plumbi
1997 1136 2163 1214 frag-

348 1230 594 1273 mentum
623 1211 849 1289 ejusdem
868 1212 1088 1286 prorsus
1117 1210 1455 1280 tumfigurae
1477 1247 1492 1271 ,
1520 1224 1645 1263 tum
1661 1213 1909 1280 ponderis
1923 1210 2164 1284 ferrata:

343 1290 483 1365 palae
511 1288 764 1360 majorem
792 1288 851 1340 in
881 1287 1093 1340 modum
1121 1285 1309 1355 ignitae
1338 1317 1355 1344 ‚
1393 1281 1700 1353 caminoque
1729 1281 1864 1335 data
1893 1294 2048 1354 opera
2078 1300 2166 1337 ac-

352 1360 497 1439 censo
536 1358 868 1416 incumbenti
903 1396 918 1423 ‚
957 1360 1241 1428 imponunt
1271 1373 1289 1421 3
1329 1367 1496 1427 atque
1523 1353 1986 1410 animadvertunt
2015 1393 2031 1417 ‚
2057 1354 2166 1431 post

336 1429 444 1509 Jex‘·
481 1435 620 1489 borae
659 1433 880 1486 minuta
919 1431 1141 1488 nullum
1180 1428 1330 1482 illud
1362 1428 1685 1500 liquationis
1709 1425 1929 1500 signum
1970 1428 2116 1483 edere
2147 1470 2163 1483 .

351 1510 466 1568 Vix·
498 1506 606 1581 post
627 1505 921 1580 septimum
959 1510 1172 1574 penitus
1209 1498 1543 1573 consumtum
1601 1498 1672 1570 cst
1708 1528 1732 1551 ν.
1789 1498 1916 1554 Haec
1946 1502 2162 1573 plumbi

346 1578 582 1651 enaffula
605 1583 844 1650 primum
872 1578 1079 1646 quidem
1106 1573 1330 1643 liquata
1359 1607 1374 1633 ,
1404 1583 1530 1623 tum
1545 1568 1850 1644 frigefaeia
1879 1607 1894 1632 ‚
1924 1574 2164 1626 eandem-

350 1668 469 1726 que,
500 1666 660 1725 quam
689 1666 721 1701 a
751 1647 1051 1722 liquatione
1079 1645 1353 1706 induerat,
1360 1639 1618 1715 figuram
1638 1640 1863 1713 servans
1893 1647 1919 1708 ζ
1935 1642 2168 1716 preſj'am

348 1725 642 1785 nimirum,
673 1733 836 1794 atque
865 1712 1142 1789 contusam
1169 1723 1196 1781 )
1224 1734 1344 1770 cum
1372 1711 1597 1786 rursum
1626 1719 1686 1770 in
1717 1714 1913 1786 ignitos
1944 1727 2160 1770 torren-

351 1798 430 1852 tis
468 1795 659 1868 lapides
699 1790 930 1862 conjetta
982 1787 1179 1865 fuiſjet
1219 1808 1239 1856 3
1296 1798 1423 1843 tota
1479 1789 1639 1842 intra
1693 1787 1834 1841 horae.
1875 1784 2167 1860 sesquimi-

348 1879 556 1925 nutum
594 1864 832 1939 resolata
886 1863 956 1936 cst
1009 1884 1027 1931 3
1086 1875 1248 1935 quam
1296 1860 1508 1934 quidem
1556 1862 1616 1914 in
1671 1866 1787 1915 re'm
1853 1859 2157 1932 conduxiffi·

347 1943 731 2017 putaverimus
770 1954 889 1991 cum
928 1934 1250 1991 nonnullam
1288 1939 1315 2000 ζ
1342 1943 1764 2009 quantacunque
1815 1947 1874 1984 ea
1927 1928 2161 2003 fuerit)

355 2031 469 2089 quae
499 2027 532 2065 a
560 2012 762 2068 recenti
791 2011 928 2080 ignis
958 2006 1161 2060 actione
1188 2005 1401 2075 reliqua
1429 2016 1555 2057 erat
1596 2040 1613 2067 ,
1655 2004 1950 2059 mollitiam
1982 2023 2000 2069 3
2039 2017 2164 2059 tum

356 2103 483 2141 vero
514 2121 526 2139 ,
558 2100 718 2158 quam
748 2079 1075 2135 tradidimus
1105 2113 1120 2140 ‚
1137 2072 1392 2148 figuram
1418 2093 1439 2141 3
1469 2089 1581 2147 quae
1618 2079 1853 2131 omnium
1884 2089 2161 2130 accommo-

354 2154 623 2231 datiffima
653 2153 722 2227 est
751 2152 1054 2226 excipienda,²
1082 2151 1144 2206 vi
1172 2148 1383 2220 ignium
1419 2181 1438 2209 ,
1477 2157 1641 2221 atque
1667 2150 1727 2204 in
1753 2149 1998 2224 quamvis
2027 2148 2162 2226 mast

341 2228 420 2308 [ιε
451 2228 794 2306 particulam
831 2221 1151 2294 insz'nuandae
1181 2261 1194 2275 .
2170 2229 2174 2232 ⁴

506 2303 597 2360 Ad
620 2301 723 2355 baec
752 2336 769 2364 ,
799 2314 938 2369 aqua
968 2293 1090 2364 vasi
1108 2290 1288 2368 infusa
1315 2312 1435 2350 cum
1462 2295 1625 2350 cidem
1650 2297 1871 2352 ardenti
1898 2311 2164 2356 cavernu-

358 2377 424 2432 lae
450 2373 643 2455 suiffet
678 2371 932 2445 applicita
959 2389 977 2437 3
1011 2369 1120 2441 post
1149 2370 1328 2423 trium
1350 2366 1529 2443 ferme
1556 2372 1898 2426 minutorum
1918 2367 2161 2446 spatium

320 2511 322 2514 ‚
353 2447 573 2526 fervere
608 2447 807 2500 leniter
826 2441 945 2510 stne
967 2443 1252 2517 strepitu:
1272 2443 1384 2516 post
1421 2455 1659 2516 quatuor
1697 2438 1929 2498 ebullire
1968 2447 2166 2498 intem-

321 2520 334 2529 ’“
358 2531 620 2598 peranter
661 2558 673 2570 .
713 2517 888 2573 Paulo
936 2515 1046 2592 post
1083 2517 1218 2570 idem
1253 2531 1349 2572 vas
1388 2517 1566 2570 altero
1601 2527 1766 2571 tanto
1799 2532 1946 2590 aquae
1978 2514 2166 2592 perfu-

346 2593 479 2671 sum
499 2590 880 2670 flagrantibus
910 2588 1223 2644 carbonibus
1260 2596 1285 2653 ζ
1311 2590 1406 2661 qui
1450 2587 1624 2662 positu
1652 2627 1667 2651 ‚
1729 2606 1791 2644 ac
1820 2591 2162 2656 vivacitate,

369 2669 547 2742 quoad
571 2661 826 2738 ejusfieri
842 2661 1007 2734 poffi’t
1045 2697 1062 2724 ,
1118 2664 1293 2735 ignem
1320 2661 1480 2714 illum
1511 2664 1779 2718 torrentis
1805 2661 2052 2715 aemulari
2078 2663 2163 2715 vi-

367 2741 628 2796 derentur
655 2743 681 2802 )
711 2735 1020 2808 impfftum‚
1034 2747 1231 2806 quarto
1259 2735 1395 2789 bora>
1420 2736 1632 2789 minuto
1646 2733 1866 2813 fervere
1894 2732 2162 2788 vehemen-

366 2824 456 2867 ter
496 2832 513 2879 3
553 2812 742 2884 quinto
780 2808 1045 2861 immodice
1081 2807 1296 2877 astuare
1331 2804 1507 2885 visum
1544 2806 1614 2878 cst
1651 2848 1665 2863 .
1722 2805 1930 2879 Qibus
1962 2808 2164 2877 experi-

370 2889 563 2940 mentis
595 2893 917 2956 compertum
947 2879 1192 2935 videlicet
1228 2879 1298 2953 cst
1325 2917 1341 2944 ‚
1368 2882 1482 2935 vim
1510 2892 1674 2953 atque
1699 2880 1965 2952 energiam
2002 2875 2162 2951 Vesu-

374 2959 529 3015 viani
564 2957 757 3015 caloris
784 2992 801 3022 ,
832 2972 980 3030 quem
1009 2952 1092 3012 bis
1118 2952 1509 3030 tentaminibas
1536 2954 1814 3031 explorare
1840 2953 2159 3010 Academicis

1993 3041 2086 3081 no-
