2373 3340
496 135 501 138 ·
578 122 990 181 CAPUT
1063 117 1687 179 TERTIUM.
1876 141 1951 192 45

208 256 494 332 flammam
524 250 828 323 candefiunt
861 272 876 307 ε
930 264 1054 306 tum
1093 247 1296 320 quiad
1329 249 1568 320 ignitum
1606 251 1668 303 id
1677 249 1891 318 flumen
1915 261 2034 324 pro·

223 332 344 406 pias
374 325 644 398 acceffi’rit
673 363 688 390 ‚
727 328 771 380 is
793 321 1026 400 profi’i‘Yo
1054 323 1169 377 vim
1208 320 1362 374 illius
1403 323 1611 394 igneam
1657 321 2037 394 vehementff-

231 418 375 456 mam
419 396 626 473 fi’ntiet
657 436 673 463 ‚
704 394 1128 469 quemadmodum
1169 388 1239 446 ἐξ
1281 392 1385 469 ipsit
1418 392 1618 469 pcffimo
1644 393 1747 472 suo
1769 391 2036 467 sentiunt

231 470 454 541 arbusta
482 508 497 533 ‚
526 469 837 544 aedfficiaque
866 506 883 533 ‚
926 484 986 522 ac
1015 479 1193 520 cetera
1224 468 1403 522 omnia
1444 504 1457 528 ‚
1515 469 1574 519 in
1606 485 1714 537 quae
1744 467 1787 516 is
1815 479 2032 521 torrens

230 546 538 599 incurrerit
568 583 580 596 .
627 544 705 600 At
736 558 864 599 vero
883 540 946 610 st
976 539 1109 614 quid
1142 540 1224 593 vis
1264 540 1399 612 ignis
1430 536 1695 610 remiserit
1727 575 1742 600 ,
1772 539 2034 610 extemplo

206 617 420 690 fluendi
446 613 722 688 facultate
750 611 996 682 deficitur
1025 630 1045 678 3
1103 622 1170 664 ut
1200 629 1306 665 non
1334 614 1470 666 coire
1486 610 1664 681 solum
1695 605 1766 664 6⁹5
1793 610 2032 681 coalesce-

225 706 286 745 re
315 725 330 750 ‚
372 685 472 766 βό
496 681 569 738 &⁹
595 689 656 738 in
668 685 872 759 saxum
901 686 1132 758 dirigere
1157 685 1417 739 videatur
1454 705 1471 739 .-
1512 697 1636 738 tum
1664 685 1898 757 ignitam
1920 680 2035 757 spe-

224 763 356 816 ciem
381 794 398 820 ‚
427 755 747 827 coloremque
775 778 793 824 ‚-
823 759 1080 830 postremo
1118 793 1134 819 ‚
1157 753 1352 828 sensim
1379 769 1562 819 tamen
1593 770 1653 810 ac
1675 756 2034 830 pedetentim,

222 827 398 909 ipsum,
434 830 599 883 etiam
629 829 854 884 calorem
884 830 1109 882 amittit
1137 863 1150 877 .

376 899 448 956 Ut
469 903 645 975 primo
673 902 853 972 igitur
880 901 940 953 de
970 900 1210 952 materiae
1237 897 1450 973 hujusce
1458 901 1642 970 fluore
1670 897 1979 972 differamus
2008 919 2028 967 3

228 973 378 1033 nobis
417 974 642 1028 videtur
679 972 776 1027 ille
810 989 915 1026 non
953 972 1267 1026 incommode
1297 973 1476 1045 fluori
1514 971 1610 1026 vel
1641 972 1925 1028 bituminis
1963 975 2036 1026 li·-

229 1047 391 1120 quati
421 1083 436 1107 ‚
466 1045 561 1101 vel
584 1047 751 1100 etiam
780 1045 945 1116 magis
973 1045 1122 1100 vitri
1140 1040 1264 1115 fust
1281 1047 1580 1117 comparari
1600 1044 1734 1119 posse
1755 1085 1767 1097 .
1797 1044 1899 1099 Sed
1909 1044 2034 1121 flu-

227 1134 332 1170 xus
363 1114 662 1191 hujusmodi
692 1157 707 1180 ‚
763 1122 788 1181 (
806 1114 917 1182 sive
948 1117 1189 1172 mollitia
1229 1119 1395 1190 magis
1425 1133 1485 1168 ea
1514 1116 1728 1171 dicenda
1735 1115 1822 1184 stt
1850 1123 1876 1181 )
1933 1135 2026 1172 nec

225 1190 287 1241 in
315 1187 552 1237 omnibus
583 1188 926 1238 torrentibus
945 1199 1053 1254 par
1080 1190 1292 1239 omnino
1321 1188 1729 1257 deprehenditur
1758 1225 1774 1250 ,
1814 1206 1901 1242 nec
1938 1201 2032 1260 pa·-

220 1274 335 1315 rem
364 1254 425 1308 in
453 1255 644 1327 quavis
682 1251 904 1327 ejusdem
943 1256 1212 1309 torrentis
1244 1265 1408 1327 parte
1425 1257 1665 1327 gradum
1691 1295 1708 1322 ,
1737 1261 2035 1313 rationem-

224 1345 324 1403 que
347 1323 547 1404 servat
581 1365 593 1378 .
632 1327 841 1381 Praeter
869 1330 1009 1382 enim
1039 1326 1100 1379 id
1122 1325 1401 1398 discrimen
1430 1365 1444 1391 ‚
1477 1330 1619 1401 quod
1639 1345 1673 1382 a
1696 1332 2027 1404 primigeniae

224 1401 468 1454 materiae
496 1399 796 1455 conditione
824 1435 839 1462 ‚
870 1412 1034 1472 atque
1061 1399 1130 1453 ab
1159 1400 1459 1475 admistione
1491 1400 1824 1480 diversorum
1862 1415 2036 1478 corpo·

222 1489 351 1529 rum
379 1507 395 1535 ‚
428 1469 661 1526 alterius
691 1473 868 1527 altero
882 1469 1220 1547 solubilioris
1251 1508 1267 1535 ,
1290 1471 1647 1551 proficiscitur
1686 1495 1704 1543 3
1742 1488 1885 1532 certe
1922 1473 2032 1553 ipsa

223 1546 308 1600 ‘uis
339 1545 548 1614 ignium
567 1546 748 1614 potior
776 1560 838 1597 ae
867 1544 1230 1599 vehementior
1261 1548 1516 1616 majorem
1544 1549 1705 1602 eidem
1741 1585 1757 1610 ‚
1797 1567 1858 1605 ac
1898 1563 2031 1605 cete-

221 1620 418 1687 roquin
442 1615 568 1687 pari
595 1618 834 1669 materiae
862 1650 877 1678 ,
896 1616 1124 1687 fluxum
1153 1617 1465 1689 ingenerare
1486 1617 1654 1691 potest
1678 1659 1690 1671 .
1720 1617 1847 1695 Qa
1876 1637 1944 1673 ex
1971 1637 2031 1676 re

221 1689 475 1741 commode
505 1687 863 1758 intelligimus
894 1725 911 1752 ‚
950 1688 1044 1760 qui
1059 1686 1371 1762 fabiumsit
1401 1725 1418 1751 ‚
1473 1701 1541 1744 ut
1580 1693 1787 1764 ignitus
1805 1694 2028 1766 fluvius

219 1768 422 1832 nupera
451 1759 551 1812 hac
578 1761 854 1832 eruptione
894 1777 928 1814 a
971 1762 1174 1814 recenti
1202 1762 1396 1815 montis
1423 1762 1587 1816 hiatu
1616 1762 1804 1839 effusus
1834 1802 1849 1827 ‚
1888 1765 2031 1819 mul-

219 1841 280 1885 to
288 1832 526 1904 fluidior
555 1849 610 1885 eo
639 1833 825 1909 fuerit
858 1872 873 1898 ‚
911 1833 1004 1904 qui
1043 1848 1068 1884 e
1087 1831 1365 1909 superiore
1392 1846 1603 1888 cratere
1631 1838 1882 1893 manavit
1913 1856 1932 1903 ς
1972 1837 2034 1889 id

223 1905 365 1976 quod
398 1920 465 1957 ex¹
501 1903 759 1979 inaequali
794 1903 1080 1979 utriusque
1118 1903 1278 1981 cursu
1316 1906 1659 1961 addidicimus
1699 1928 1715 1962 ε
1766 1911 2033 1964 nimirum

226 1979 287 2030 in
319 1988 508 2049 parem
548 1980 840 2033 materiam
877 1980 1028 2032 haud
1063 1991 1168 2049 par
1219 1981 1356 2048 ignis
1405 1977 1543 2030 uilio
1592 1993 1758 2053 atque
1794 2001 1819 2034 e
1879 1984 2024 2036 cacia

213 2045 367 2121 suit.
399 2048 619 2103 Necnon
648 2045 720 2102 Εἴ
749 2049 900 2099 illud
922 2046 1243 2120 affequimur
1264 2085 1280 2110 ‚
1308 2048 1644 2120 quamobrem
1673 2064 1886 2108 torrens
1913 2054 2032 2130 ipft,

227 2136 330 2190 quo
351 2115 616 2193 scatebrae
636 2116 751 2192 suae
788 2119 967 2173 initiis
997 2120 1342 2193 propinquior
1372 2119 1442 2189 est
1472 2159 1485 2183 ‚
1514 2138 1568 2175 eo
1597 2123 1796 2193 majore
1822 2127 2025 2200 impetu

204 2192 362 2266 fluat
401 2209 418 2243 :
457 2185 527 2244 &5
555 2204 747 2246 contra
775 2228 792 2254 ‚
831 2208 930 2264 quo
956 2191 1079 2245 inde
1106 2192 1313 2262 longius
1343 2193 1544 2248 abierit
1574 2232 1589 2257 ,
1627 2212 1682 2248 eo
1708 2200 1873 2251 etiam
1902 2215 2014 2251 am-

216 2263 364 2339 plius
402 2264 459 2316 de
478 2263 659 2335 fluore
687 2265 945 2319 remittat
983 2303 996 2316 .
1050 2263 1142 2319 Ad
1190 2266 1295 2319 haec
1332 2302 1348 2328 ,
1368 2265 1520 2331 sicut
1551 2283 1655 2322 non
1683 2284 1849 2324 omnes
1878 2272 2023 2342 ignei

224 2352 402 2391 amnes
438 2334 777 2409 aequabiliter
807 2338 983 2409 fluere
1032 2335 1353 2411 consuerunt
1381 2376 1398 2403 ,
1458 2356 1547 2393 nee
1603 2357 1913 2415 quacunque
1968 2344 2028 2397 in

221 2419 383 2481 parte
411 2408 585 2462 locove
613 2420 823 2463 torrens
853 2410 985 2464 idem
1014 2447 1028 2471 ‚
1057 2421 1125 2462 ut
1157 2408 1357 2464 diilum
1386 2448 1401 2475 ,
1411 2412 1583 2484 fluxu
1604 2412 1773 2486 pollet
1803 2413 2030 2487 ‹equabi-

228 2480 295 2544 li3
324 2486 408 2534 ita
448 2480 598 2549 longe
626 2483 792 2535 etiam
822 2483 934 2535 alia
963 2485 1047 2538 vis
1064 2481 1277 2553 fluendi
1313 2485 1373 2538 in
1403 2483 1660 2558 partibus
1686 2489 2029 2542 torrentium

229 2554 447 2605 extimis
478 2587 493 2614 ‚
508 2553 605 2627 seu
628 2548 894 2627 superficie
921 2591 937 2617 ,
967 2572 1027 2610 ac
1053 2559 1115 2610 in
1144 2551 1431 2627 ‘oisteribus
1450 2567 1606 2631 prope
1633 2557 1743 2630 ipsis
1773 2557 1865 2630 ‘ff'
1896 2575 2030 2613 com-

223 2625 446 2700 peritur
476 2661 488 2674 .
516 2626 716 2702 Qippe
751 2644 785 2679 a
829 2627 1020 2682 multis
1033 2625 1164 2704 saepe
1193 2624 1533 2696 observatum
1559 2627 1630 2701 cst
1655 2668 1672 2694 ,
1700 2642 1823 2684 tum
1849 2667 1866 2696 ,
1908 2648 2029 2686 cum

215 2695 325 2774 fi'fi'
355 2709 565 2754 torrens
597 2699 805 2755 evolvit
843 2740 861 2767 ,
882 2698 949 2769 st
982 2703 1199 2772 oblongo
1227 2702 1410 2774 hastili
1438 2704 1728 2757 exteriores
1767 2704 1878 2774 ejus
1901 2716 2031 2777 par-

230 2787 312 2831 tes
349 2771 711 2827 verberentur
762 2807 777 2832 ‚
831 2790 913 2825 eas
951 2786 1070 2831 tam
1094 2775 1287 2846 firmas
1327 2773 1720 2849 obduratafque
1756 2776 2032 2849 depreben—

215 2846 348 2923 sum
405 2847 482 2898 iri
522 2883 538 2908 ‚
595 2856 663 2900 ut
722 2838 795 2898 δ’
843 2841 1081 2919 sonitum
1121 2849 1418 2904 remittant
1447 2886 1462 2911 ‚
1501 2860 1665 2920 atque
1705 2848 1970 2922 resultent
2007 2865 2031 2914 ,⁰

233 2939 354 2978 cnm
400 2918 614 2976 interea
665 2917 839 2976 nihilo
869 2915 1045 2997 secius
1091 2924 1325 2980 interior
1362 2921 1527 2996 maffa
1563 2919 1773 2998 liqueat
1826 2940 1844 2975 x
1879 2920 2028 2992 fluit

1811 3009 1955 3049 enim
