2373 3340
526 133 946 193 CAPUT
1015 131 1564 193 PRIMUM.
1835 156 1893 205 31

192 259 494 320 inien'a'ium
530 274 738 318 motum
758 259 879 339 sais
883 259 1099 331 finibus
1127 276 1274 317 mare
1301 263 1419 334 effe.
1459 262 1620 340 Qod
1633 262 1863 341 fortaffe
1891 282 1981 320 ar-

179 346 439 412 gumento
477 333 570 409 ‘ff'
587 335 758 410 potest
786 372 801 398 ,
830 348 898 390 ut
929 344 1103 389 cetera
1120 344 1434 407 praeteream
1464 372 1478 398 ‚
1519 354 1852 410 nequaquam
1893 341 1976 393 in-

190 420 282 464 ter
309 406 521 479 majora
548 444 565 471 ,
597 425 707 481 quae
734 407 864 461 olim
878 404 1137 484 fuerunt,
1166 408 1260 463 hoc
1286 408 1586 462 incendium
1616 408 1978 482 recensendum

183 477 325 550 ff3
365 482 584 536 minime
613 491 754 535 certe
781 496 900 535 cum
943 477 1081 532 binis
1120 479 1234 533 illis
1277 476 1647 554 conferendum
1675 515 1690 541 ,
1748 499 1976 553 quorum

179 551 426 608 alterum
454 553 633 610 Plinii
660 563 822 610 aetate
845 587 863 617 ,
892 551 1136 607 alterum
1163 564 1380 624 centum
1413 550 1481 623 ab
1509 553 1633 609 hinc
1674 556 1829 609 anuis
1860 570 1977 610 con·

179 624 434 697 tgerunt
465 666 479 680 .
1983 663 1985 665 v

327 696 521 754 Haeret
547 709 813 773 praeterea
843 699 1018 757 adhuc
1057 701 1293 757 omnium
1332 700 1526 757 animis
1558 698 1672 772 ejus
1707 719 1976 778 aquarum

180 770 561 826 'exundationis
592 773 845 827 memoria
872 811 889 836 ,
916 791 1078 845 quam
1100 788 1285 835 omnes,
1312 776 1407 846 qui
1436 774 1494 827 de
1519 770 1746 845 Vesuvio
1756 771 1977 851 scripse-

172 850 316 898 runt
351 882 368 909 ,
397 838 608 919 ferunt
640 843 873 914 aceia'iffi²
900 879 918 906 ,
957 861 1078 898 cum
1116 861 1201 897 an.
1239 850 1374 907 1631
1434 847 1666 897 maxime
1702 862 1846 897 mons
1874 858 1974 919 per

172 915 476 969 incendium
504 914 772 987 insaniret
789 955 801 967 .
859 915 937 970 Ac
965 916 1218 988 quoniam
1244 915 1512 968 creditum
1541 914 1709 988 vulgo
1736 915 1806 990 cst
1838 954 1854 981 ,
1881 930 1973 973 at-

172 1003 273 1062 que
299 990 598 1041 etiamnum
636 989 785 1059 viget
814 987 984 1060 opinio
1012 1022 1027 1048 ,
1067 1002 1268 1040 omnem
1296 986 1454 1041 illam
1485 1001 1756 1059 aquarum
1794 992 1968 1045 collu-

171 1061 384 1116 vionem
420 1074 485 1112 ex
524 1054 701 1132 iffa'em
730 1062 925 1115 montis
944 1057 1218 1133 faucibus,
1248 1059 1385 1113 unde
1413 1062 1554 1132 ignis
1582 1064 1968 1128 emittebatur,

161 1129 470 1204 prcfluxiſje
499 1152 519 1198 3
549 1135 675 1188 hinc
688 1128 910 1204 faft'um
935 1130 1007 1200 cst
1029 1170 1046 1195 ‚
1076 1144 1144 1187 ut
1152 1129 1268 1199 fibi
1297 1129 1511 1207 quffque
1538 1133 1964 1204 investigandam

150 1201 450 1275 susceperit
490 1202 725 1268 cauſj'am
753 1203 1093 1251 admirabilis
1121 1215 1345 1254 eventus
1361 1223 1378 1264 ς
1403 1199 1697 1272 praesertim
1727 1224 1847 1258 cum
1879 1209 1971 1260 ni-

164 1272 258 1329 bil
279 1269 398 1323 tale
427 1271 716 1344 quidquam
772 1268 870 1325 vel
924 1270 983 1324 in
1009 1267 1199 1326 AEtnae
1226 1306 1243 1334 ‚
1298 1270 1394 1326 vel
1427 1273 1662 1328 aliorum
1701 1278 1970 1331 montium

167 1341 676 1415 conflagrationibus
705 1340 939 1415 accidiffi’
969 1345 1225 1399 memoriae
1255 1343 1536 1417 proditum
1570 1345 1658 1415 sit
1688 1387 1701 1400 .
1760 1346 1971 1421 Qam-

168 1416 349 1471 obrem
378 1415 481 1469 alii
510 1417 625 1470 alia
657 1419 939 1470 commenti
948 1414 1097 1492 sunt
1121 1455 1134 1469 .
1160 1413 1262 1472 Sed
1280 1454 1296 1480 ,
1324 1415 1430 1486 nisi
1436 1416 1642 1495 fallor,
1674 1438 1777 1476 non
1807 1421 1969 1477 tanti

155 1488 411 1569 facienda
442 1487 513 1562 cst
537 1488 790 1560 vulgaris
820 1488 925 1542 illa
953 1492 1190 1545 omnium
1217 1490 1389 1564 opinio
1412 1509 1431 1557 ,·
1490 1493 1735 1567 nihilque
1791 1505 1916 1549 erat
1947 1532 1967 1560 ,

167 1579 269 1618 cur
309 1562 368 1613 in
407 1565 685 1633 quaerenda
714 1558 895 1634 caussa
924 1575 1014 1616 tot
1033 1562 1302 1634 praeclara
1331 1564 1544 1632 ingenia
1572 1577 1853 1639 tantopere
1881 1566 1967 1620 la·

167 1633 429 1692 borarent
458 1668 473 1694 ‚
501 1650 620 1687 cum
649 1631 799 1686 nihil
822 1648 904 1685 res
933 1632 1190 1688 miraculi
1216 1669 1232 1695 ,
1247 1630 1308 1701 si
1326 1633 1522 1688 rebilus
1552 1636 1966 1712 diligentiusque

163 1706 316 1761 ratio
354 1704 578 1759 ineatur
612 1740 628 1768 ,
682 1706 951 1758 continere
978 1705 1194 1760 dicenda
1198 1706 1288 1774 stt
1318 1743 1331 1756 .
1369 1705 1518 1761 Nam
1540 1707 1658 1777 sive
1687 1719 1962 1764 naturam

160 1771 236 1833 Εἴ
264 1774 516 1830 habitum
545 1775 759 1839 montis,
787 1775 1122 1851 locorumque
1145 1778 1319 1832 monti
1336 1779 1713 1850 proximorum
1742 1781 1964 1849 conside-

159 1865 364 1914 remus;
374 1847 496 1918 sive
528 1849 755 1903 illorum
787 1860 1083 1926 temporum
1112 1849 1390 1921 historiam
1419 1848 1780 1925 consulamus,
1811 1855 1963 1909 nihil

162 1934 408 1977 occurret
438 1957 454 1984 ,
493 1923 632 1996 quod
636 1919 804 1992 fidem
817 1919 1006 1998 saciat
1035 1959 1051 1985 ‚
1078 1934 1147 1976 ut
1174 1922 1422 1998 plerique
1449 1924 1692 1979 tradunt
1722 1962 1738 1989 ‚
1782 1923 1962 2001 absor-

154 2005 313 2069 ptam
351 2011 378 2046 e
416 1995 563 2049 mari
598 2011 794 2068 aquam
840 2005 936 2065 per
965 2005 1176 2066 apertas
1216 1994 1453 2050 incendio
1477 1992 1666 2069 fauces
1724 2012 1964 2055 montem

162 2064 440 2135 evomuiffi’
470 2085 488 2131 3
527 2068 685 2117 immo
715 2068 892 2118 omnia
912 2068 1091 2139 potius
1107 2100 1123 2126 ‚
1151 2065 1341 2138 quibus
1353 2061 1500 2139 stitis
1528 2067 1761 2142 constare
1778 2069 1955 2145 pfft,

163 2138 372 2204 nonnisi
393 2152 642 2208 magnam
671 2135 785 2191 vim
816 2130 889 2191 ἔθ’
928 2137 1314 2192 vehementiam
1352 2139 1610 2194 imbrium
1651 2158 1764 2195 eam
1796 2157 1958 2198 attu-

158 2206 273 2280 liffl'
311 2207 630 2277 vastitatem
658 2247 670 2261 .
709 2205 796 2263 Et
824 2209 1032 2283 quidem
1062 2226 1230 2264 omnes
1258 2210 1484 2283 historiae
1515 2212 1810 2284 testantur,
1842 2214 1956 2288 affi'-

156 2282 319 2336 duam
347 2297 408 2334 ac
436 2282 729 2334 maximam
746 2292 844 2355 per
877 2282 1106 2337 incendii
1133 2281 1235 2336 dies
1254 2282 1418 2359 fuiffi’
1436 2284 1712 2359 pluviam3
1733 2306 1952 2360 cumque

156 2353 422 2424 completis
442 2349 707 2430 plerisque
746 2353 986 2409 vallibus
1041 2359 1276 2409 materia
1319 2360 1445 2431 jam
1505 2372 1633 2414 ante
1663 2377 1694 2411 a
1726 2357 1952 2436 Vesuvio

153 2424 410 2480 erubiata
432 2463 450 2491 ,
481 2443 584 2480 non
612 2423 871 2482 baberent
900 2427 1126 2501 amplius
1157 2428 1348 2502 quibus
1391 2446 1537 2505 aquae
1567 2433 1733 2487 alveis
1772 2439 1947 2490 conti-

159 2509 423 2553 nerentur
454 2533 469 2560 ‚
507 2499 566 2552 in
590 2495 845 2570 subjeblos
873 2493 1212 2574 &patentes
1240 2504 1442 2560 circum
1481 2516 1679 2582 campos
1710 2543 1726 2571 ‚
1755 2508 1949 2577 magno

155 2570 358 2642 impetu
386 2568 555 2645 cffusae
580 2608 599 2638 ,
632 2574 810 2627 omnia
837 2609 852 2637 ,
881 2590 986 2649 qua
1005 2569 1334 2648 ferebantur
1363 2614 1379 2641 ,
1439 2577 1653 2632 arbores
1686 2617 1699 2642 ‚
1729 2581 1952 2651 aedgfi'cia

138 2638 321 2717 secum
349 2653 657 2698 traxerunt
688 2662 709 2712 ς
736 2647 1057 2721 ruinamque
1101 2646 1296 2711 illam,
1353 2666 1515 2723 quam
1544 2647 1759 2726 quisque
1776 2654 1951 2733 facile

152 2712 424 2785 compleiti
451 2715 628 2769 animo
649 2717 816 2790 potest
843 2756 859 2781 ‚
888 2719 1211 2776 intulerunt
1240 2760 1252 2775 .
1281 2719 1511 2797 Quodsi*
1539 2717 1653 2797 quis
1694 2742 1948 2801 magnam

149 2802 350 2859 quoque
378 2787 570 2842 cineris
601 2789 795 2860 copiam
812 2788 993 2867 secum
1021 2802 1231 2863 reputet
1265 2831 1281 2857 ,
1326 2811 1431 2869 qua
1464 2813 1566 2850 non
1607 2797 1750 2852 modo
1789 2813 1944 2856 totus

153 2858 389 2930 undique
419 2877 564 2915 mons
589 2896 605 2922 ,
633 2858 732 2935 sed
783 2879 950 2918 omnes
986 2861 1233 2934 finitimi
1261 2869 1427 2940 campi
1458 2869 1892 2940 cooperiebantur
1921 2892 1945 2940 ,-

151 2930 192 2982 is
221 2927 460 3006 profeii'o
488 2933 688 3009 mirari
716 2932 907 3009 desinet
940 2980 957 3009 ‚
981 2948 1204 3013 tantam
1231 2957 1502 3016 aquarum
1529 2941 1944 2999 inundationem

1727 3013 1867 3086 fieri
