<?xml version="1.0" encoding="UTF-8"?>
<!DOCTYPE html PUBLIC "-//W3C//DTD XHTML 1.0 Transitional//EN"
    "http://www.w3.org/TR/xhtml1/DTD/xhtml1-transitional.dtd">
<html xmlns="http://www.w3.org/1999/xhtml" xml:lang="en" lang="en">
 <head>
  <title>
</title>
<meta http-equiv="Content-Type" content="text/html;charset=utf-8" />
  <meta name='ocr-system' content='tesseract 3.04.00' />
  <meta name='ocr-capabilities' content='ocr_page ocr_carea ocr_par ocr_line ocrx_word'/>
</head>
<body>
  <div class='ocr_page' id='page_1' title='image "./neapolitanaescie00sera_0092.png"; bbox 0 0 2373 3340; ppageno 0'>
   <div class='ocr_carea' id='block_1_1' title="bbox 408 116 1896 185">
    <p class='ocr_par' dir='ltr' id='par_1_1' title="bbox 408 116 1896 185">
     <span class='ocr_line' id='line_1_1' title="bbox 408 116 1896 185; baseline -0.003 0"><span class='ocrx_word' id='word_1_1' title='bbox 408 138 477 185; x_wconf 79' lang='lat'>80</span> <span class='ocrx_word' id='word_1_2' title='bbox 641 123 747 183; x_wconf 84' lang='lat' dir='ltr'>DE</span> <span class='ocrx_word' id='word_1_3' title='bbox 798 119 1114 181; x_wconf 83' lang='lat' dir='ltr'>VESUVII</span> <span class='ocrx_word' id='word_1_4' title='bbox 1162 116 1896 184; x_wconf 82' lang='lat' dir='ltr'>CONFLAGRATIONE</span> 
     </span>
    </p>
   </div>
   <div class='ocr_carea' id='block_1_2' title="bbox 315 250 2140 692">
    <p class='ocr_par' dir='ltr' id='par_1_2' title="bbox 315 250 2140 692">
     <span class='ocr_line' id='line_1_2' title="bbox 317 250 2137 326; baseline -0.001 -15"><span class='ocrx_word' id='word_1_5' title='bbox 317 260 622 326; x_wconf 81' lang='lat' dir='ltr'>laevigatum</span> <span class='ocrx_word' id='word_1_6' title='bbox 665 290 680 317; x_wconf 89' lang='lat'>‚</span> <span class='ocrx_word' id='word_1_7' title='bbox 722 250 922 309; x_wconf 67' lang='lat' dir='ltr'>interne</span> <span class='ocrx_word' id='word_1_8' title='bbox 953 270 1089 308; x_wconf 83' lang='lat' dir='ltr'>vero</span> <span class='ocrx_word' id='word_1_9' title='bbox 1117 252 1394 308; x_wconf 85' lang='lat' dir='ltr'>conformis</span> <span class='ocrx_word' id='word_1_10' title='bbox 1424 254 1752 309; x_wconf 83' lang='lat' dir='ltr'>confistentiae</span> <span class='ocrx_word' id='word_1_11' title='bbox 1778 256 1852 308; x_wconf 88' lang='lat' dir='ltr'>est</span> <span class='ocrx_word' id='word_1_12' title='bbox 1883 290 1896 317; x_wconf 91' lang='lat'>‚</span> <span class='ocrx_word' id='word_1_13' title='bbox 1924 255 1972 309; x_wconf 75' lang='grc'>8(</span> <span class='ocrx_word' id='word_1_14' title='bbox 2007 270 2137 324; x_wconf 85' lang='lat' dir='ltr'>prae-</span> 
     </span>
     <span class='ocr_line' id='line_1_3' title="bbox 316 325 2136 398; baseline 0 -16"><span class='ocrx_word' id='word_1_15' title='bbox 316 345 459 382; x_wconf 78' lang='lat' dir='ltr'>terea</span> <span class='ocrx_word' id='word_1_16' title='bbox 489 326 848 398; x_wconf 83' lang='lat' dir='ltr'>transpicuum</span> <span class='ocrx_word' id='word_1_17' title='bbox 873 368 885 381; x_wconf 92' lang='lat'><strong>.</strong></span> <span class='ocrx_word' id='word_1_18' title='bbox 943 328 1099 383; x_wconf 86' lang='lat' dir='ltr'>Hanc</span> <span class='ocrx_word' id='word_1_19' title='bbox 1129 325 1495 383; x_wconf 88' lang='lat' dir='ltr'>difficultatem</span> <span class='ocrx_word' id='word_1_20' title='bbox 1529 325 1948 383; x_wconf 64' lang='lat' dir='ltr'>sufficientissime</span> <span class='ocrx_word' id='word_1_21' title='bbox 1978 329 2136 382; x_wconf 83' lang='lat' dir='ltr'>diluit</span> 
     </span>
     <span class='ocr_line' id='line_1_4' title="bbox 316 396 2137 474; baseline -0.001 -18"><span class='ocrx_word' id='word_1_22' title='bbox 316 402 628 469; x_wconf 80' lang='lat' dir='ltr'>exemplum</span> <span class='ocrx_word' id='word_1_23' title='bbox 659 402 1042 454; x_wconf 78' lang='lat' dir='ltr'>laterculorum</span> <span class='ocrx_word' id='word_1_24' title='bbox 1075 405 1123 455; x_wconf 89' lang='lat' dir='ltr'>in</span> <span class='ocrx_word' id='word_1_25' title='bbox 1154 398 1449 453; x_wconf 78' lang='lat' dir='ltr'>fornacibus</span> <span class='ocrx_word' id='word_1_26' title='bbox 1480 396 1574 452; x_wconf 74' lang='lat' dir='ltr'>diu</span> <span class='ocrx_word' id='word_1_27' title='bbox 1604 401 1963 463; x_wconf 55' lang='lat' dir='ltr'>decoetorunn</span> <span class='ocrx_word' id='word_1_28' title='bbox 1994 419 2137 474; x_wconf 91' lang='lat' dir='ltr'>quos</span> 
     </span>
     <span class='ocr_line' id='line_1_5' title="bbox 315 470 2135 544; baseline -0.001 -14"><span class='ocrx_word' id='word_1_29' title='bbox 315 476 543 530; x_wconf 83' lang='lat' dir='ltr'>fluorem</span> <span class='ocrx_word' id='word_1_30' title='bbox 574 514 592 542; x_wconf 79' lang='lat'>‚</span> <span class='ocrx_word' id='word_1_31' title='bbox 624 477 672 528; x_wconf 74' lang='lat'>8&lt;</span> <span class='ocrx_word' id='word_1_32' title='bbox 705 475 1079 528; x_wconf 82' lang='lat' dir='ltr'>consistentiam</span> <span class='ocrx_word' id='word_1_33' title='bbox 1114 477 1344 529; x_wconf 80' lang='lat' dir='ltr'><strong>vitream</strong></span> <span class='ocrx_word' id='word_1_34' title='bbox 1374 477 1650 544; x_wconf 83' lang='lat' dir='ltr'>acquirere</span> <span class='ocrx_word' id='word_1_35' title='bbox 1680 470 2010 528; x_wconf 86' lang='lat' dir='ltr'>manifestum</span> <span class='ocrx_word' id='word_1_36' title='bbox 2043 475 2135 539; x_wconf 77' lang='lat' dir='ltr'>est,</span> 
     </span>
     <span class='ocr_line' id='line_1_6' title="bbox 316 546 2136 619; baseline -0.001 -17"><span class='ocrx_word' id='word_1_37' title='bbox 316 563 440 602; x_wconf 88' lang='lat' dir='ltr'>cum</span> <span class='ocrx_word' id='word_1_38' title='bbox 471 560 643 601; x_wconf 87' lang='lat' dir='ltr'>tamen</span> <span class='ocrx_word' id='word_1_39' title='bbox 676 547 1001 616; x_wconf 84' lang='lat' dir='ltr'>superficiem</span> <span class='ocrx_word' id='word_1_40' title='bbox 1032 547 1268 618; x_wconf 81' lang='lat' dir='ltr'>asperam</span> <span class='ocrx_word' id='word_1_41' title='bbox 1313 583 1328 609; x_wconf 93' lang='lat'><strong><em>,</em></strong></span> <span class='ocrx_word' id='word_1_42' title='bbox 1384 548 1433 599; x_wconf 86' lang='lat'>&amp;</span> <span class='ocrx_word' id='word_1_43' title='bbox 1473 546 1777 619; x_wconf 84' lang='lat' dir='ltr'>inaequalem</span> <span class='ocrx_word' id='word_1_44' title='bbox 1835 549 2087 600; x_wconf 84' lang='lat' dir='ltr'>retineant</span> <span class='ocrx_word' id='word_1_45' title='bbox 2119 583 2136 611; x_wconf 86' lang='lat'>‚</span> 
     </span>
     <span class='ocr_line' id='line_1_7' title="bbox 317 617 2140 692; baseline -0.002 -19"><span class='ocrx_word' id='word_1_46' title='bbox 317 633 483 692; x_wconf 89' lang='lat' dir='ltr'>atque</span> <span class='ocrx_word' id='word_1_47' title='bbox 510 623 657 690; x_wconf 86' lang='lat' dir='ltr'>opaci</span> <span class='ocrx_word' id='word_1_48' title='bbox 713 623 925 673; x_wconf 90' lang='lat' dir='ltr'>omnino</span> <span class='ocrx_word' id='word_1_49' title='bbox 982 621 1074 673; x_wconf 77' lang='lat' dir='ltr'>sint</span> <span class='ocrx_word' id='word_1_50' title='bbox 1106 661 1118 673; x_wconf 93' lang='lat'><strong><em>.</em></strong></span> <span class='ocrx_word' id='word_1_51' title='bbox 1167 618 1269 674; x_wconf 92' lang='lat' dir='ltr'>Sed</span> <span class='ocrx_word' id='word_1_52' title='bbox 1330 622 1466 671; x_wconf 89' lang='lat' dir='ltr'>ratio</span> <span class='ocrx_word' id='word_1_53' title='bbox 1522 634 1693 688; x_wconf 87' lang='lat' dir='ltr'>quare</span> <span class='ocrx_word' id='word_1_54' title='bbox 1722 617 1919 670; x_wconf 84' lang='lat' dir='ltr'>AEtnaea</span> <span class='ocrx_word' id='word_1_55' title='bbox 1960 619 2140 687; x_wconf 78' lang='lat' dir='ltr'>glarea</span> 
     </span>
    </p>
   </div>
   <div class='ocr_carea' id='block_1_3' title="bbox 317 691 2140 822">
    <p class='ocr_par' dir='ltr' id='par_1_3' title="bbox 317 691 2140 822">
     <span class='ocr_line' id='line_1_8' title="bbox 317 691 2140 764; baseline -0.002 -18"><span class='ocrx_word' id='word_1_56' title='bbox 317 693 494 764; x_wconf 86' lang='lat' dir='ltr'>aspera</span> <span class='ocrx_word' id='word_1_57' title='bbox 524 729 538 756; x_wconf 91' lang='lat'>,</span> <span class='ocrx_word' id='word_1_58' title='bbox 579 692 628 744; x_wconf 85' lang='lat'>&amp;</span> <span class='ocrx_word' id='word_1_59' title='bbox 657 707 823 758; x_wconf 87' lang='lat' dir='ltr'>opaca</span> <span class='ocrx_word' id='word_1_60' title='bbox 859 693 931 742; x_wconf 91' lang='lat' dir='ltr'>est</span> <span class='ocrx_word' id='word_1_61' title='bbox 963 728 980 754; x_wconf 84' lang='lat'>‚</span> <span class='ocrx_word' id='word_1_62' title='bbox 1050 697 1161 758; x_wconf 89' lang='lat' dir='ltr'>peti</span> <span class='ocrx_word' id='word_1_63' title='bbox 1216 691 1375 743; x_wconf 91' lang='lat' dir='ltr'>debet</span> <span class='ocrx_word' id='word_1_64' title='bbox 1405 708 1474 743; x_wconf 87' lang='lat' dir='ltr'>ex</span> <span class='ocrx_word' id='word_1_65' title='bbox 1519 691 1860 743; x_wconf 84' lang='lat' dir='ltr'>difformitate</span> <span class='ocrx_word' id='word_1_66' title='bbox 1911 693 2140 743; x_wconf 83' lang='lat' dir='ltr'>materiae</span> 
     </span>
     <span class='ocr_line' id='line_1_9' title="bbox 318 761 2140 822; baseline -0.001 -5"><span class='ocrx_word' id='word_1_67' title='bbox 318 765 612 822; x_wconf 69' lang='lat' dir='ltr'>viti-ificatae</span> <span class='ocrx_word' id='word_1_68' title='bbox 641 802 653 815; x_wconf 94' lang='lat'><strong><em>.</em></strong></span> <span class='ocrx_word' id='word_1_69' title='bbox 684 765 736 816; x_wconf 89' lang='lat' dir='ltr'>Si</span> <span class='ocrx_word' id='word_1_70' title='bbox 766 765 904 814; x_wconf 87' lang='lat' dir='ltr'>enim</span> <span class='ocrx_word' id='word_1_71' title='bbox 935 761 1249 812; x_wconf 83' lang='lat' dir='ltr'>misceantur</span> <span class='ocrx_word' id='word_1_72' title='bbox 1280 764 1507 810; x_wconf 86' lang='lat' dir='ltr'>arenulae</span> <span class='ocrx_word' id='word_1_73' title='bbox 1538 764 1708 814; x_wconf 76' lang='lat' dir='ltr'>siliceae</span> <span class='ocrx_word' id='word_1_74' title='bbox 1742 765 1874 813; x_wconf 88' lang='lat' dir='ltr'>inter</span> <span class='ocrx_word' id='word_1_75' title='bbox 1909 769 2140 816; x_wconf 87' lang='lat' dir='ltr'>vitream</span> 
     </span>
    </p>
   </div>
   <div class='ocr_carea' id='block_1_4' title="bbox 317 829 2150 3066">
    <p class='ocr_par' dir='ltr' id='par_1_4' title="bbox 317 829 2150 1548">
     <span class='ocr_line' id='line_1_10' title="bbox 317 829 2140 908; baseline -0.01 -16"><span class='ocrx_word' id='word_1_76' title='bbox 317 839 533 894; x_wconf 69' lang='lat' dir='ltr'>rnaflam</span> <span class='ocrx_word' id='word_1_77' title='bbox 568 834 815 908; x_wconf 86' lang='lat' dir='ltr'>liquidam</span> <span class='ocrx_word' id='word_1_78' title='bbox 845 871 861 898; x_wconf 91' lang='lat'>‚</span> <span class='ocrx_word' id='word_1_79' title='bbox 890 831 1123 887; x_wconf 86' lang='lat' dir='ltr'>efficient</span> <span class='ocrx_word' id='word_1_80' title='bbox 1151 829 1532 883; x_wconf 82' lang='lat' dir='ltr'>conlistentiam</span> <span class='ocrx_word' id='word_1_81' title='bbox 1563 829 1797 896; x_wconf 84' lang='lat' dir='ltr'>asperam</span> <span class='ocrx_word' id='word_1_82' title='bbox 1850 869 1867 896; x_wconf 84' lang='lat'><strong>,</strong></span> <span class='ocrx_word' id='word_1_83' title='bbox 1921 835 1970 886; x_wconf 76' lang='grc'>8(</span> <span class='ocrx_word' id='word_1_84' title='bbox 2013 850 2140 902; x_wconf 65' lang='lat' dir='ltr'>opa-</span> 
     </span>
     <span class='ocr_line' id='line_1_11' title="bbox 318 899 2136 979; baseline -0.004 -13"><span class='ocrx_word' id='word_1_85' title='bbox 318 928 434 966; x_wconf 85' lang='lat' dir='ltr'>cam</span> <span class='ocrx_word' id='word_1_86' title='bbox 465 951 477 964; x_wconf 94' lang='lat'><strong>.</strong></span> <span class='ocrx_word' id='word_1_87' title='bbox 520 912 834 979; x_wconf 74' lang='lat' dir='ltr'>Par-iterque</span> <span class='ocrx_word' id='word_1_88' title='bbox 886 907 921 957; x_wconf 83' lang='lat' dir='ltr'>si</span> <span class='ocrx_word' id='word_1_89' title='bbox 977 908 1025 957; x_wconf 91' lang='lat' dir='ltr'>in</span> <span class='ocrx_word' id='word_1_90' title='bbox 1083 903 1264 956; x_wconf 90' lang='lat' dir='ltr'>eadem</span> <span class='ocrx_word' id='word_1_91' title='bbox 1299 903 1523 955; x_wconf 88' lang='lat' dir='ltr'>vitraria</span> <span class='ocrx_word' id='word_1_92' title='bbox 1560 899 1771 954; x_wconf 87' lang='lat' dir='ltr'>fornace</span> <span class='ocrx_word' id='word_1_93' title='bbox 1802 919 2136 971; x_wconf 83' lang='lat' dir='ltr'>apponantur</span> 
     </span>
     <span class='ocr_line' id='line_1_12' title="bbox 317 976 2140 1047; baseline -0.004 -8"><span class='ocrx_word' id='word_1_94' title='bbox 317 1001 486 1039; x_wconf 83' lang='lat' dir='ltr'>arenae</span> <span class='ocrx_word' id='word_1_95' title='bbox 513 983 846 1037; x_wconf 84' lang='lat' dir='ltr'>diversarum</span> <span class='ocrx_word' id='word_1_96' title='bbox 903 977 1346 1032; x_wconf 83' lang='lat' dir='ltr'>confistentiarum</span> <span class='ocrx_word' id='word_1_97' title='bbox 1376 1011 1393 1036; x_wconf 94' lang='lat'>‚</span> <span class='ocrx_word' id='word_1_98' title='bbox 1452 988 1687 1047; x_wconf 88' lang='lat' dir='ltr'>quarum</span> <span class='ocrx_word' id='word_1_99' title='bbox 1729 976 1835 1027; x_wconf 86' lang='lat' dir='ltr'>aliae</span> <span class='ocrx_word' id='word_1_100' title='bbox 1875 979 2140 1040; x_wconf 86' lang='lat' dir='ltr'>particulae</span> 
     </span>
     <span class='ocr_line' id='line_1_13' title="bbox 319 1046 2140 1119; baseline -0.006 -10"><span class='ocrx_word' id='word_1_101' title='bbox 319 1059 631 1109; x_wconf 84' lang='lat' dir='ltr'>minutiores</span> <span class='ocrx_word' id='word_1_102' title='bbox 663 1053 788 1113; x_wconf 86' lang='lat' dir='ltr'>fint,</span> <span class='ocrx_word' id='word_1_103' title='bbox 818 1052 925 1102; x_wconf 85' lang='lat' dir='ltr'>aliae</span> <span class='ocrx_word' id='word_1_104' title='bbox 956 1048 1095 1102; x_wconf 73' lang='lat' dir='ltr'>vero</span> <span class='ocrx_word' id='word_1_105' title='bbox 1123 1048 1430 1119; x_wconf 84' lang='lat' dir='ltr'>grandiores</span> <span class='ocrx_word' id='word_1_106' title='bbox 1459 1084 1475 1111; x_wconf 90' lang='lat'>,</span> <span class='ocrx_word' id='word_1_107' title='bbox 1519 1049 1567 1101; x_wconf 73' lang='lat'>8&lt;</span> <span class='ocrx_word' id='word_1_108' title='bbox 1613 1061 1679 1099; x_wconf 82' lang='lat' dir='ltr'>ex</span> <span class='ocrx_word' id='word_1_109' title='bbox 1710 1046 1927 1103; x_wconf 85' lang='lat' dir='ltr'>diversis</span> <span class='ocrx_word' id='word_1_110' title='bbox 1957 1047 2140 1114; x_wconf 82' lang='lat' dir='ltr'>lapidi-</span> 
     </span>
     <span class='ocr_line' id='line_1_14' title="bbox 318 1117 2140 1193; baseline -0.005 -9"><span class='ocrx_word' id='word_1_111' title='bbox 318 1131 450 1190; x_wconf 72' lang='lat' dir='ltr'>buss,</span> <span class='ocrx_word' id='word_1_112' title='bbox 480 1122 671 1193; x_wconf 70' lang='lat' dir='ltr'>nempe</span> <span class='ocrx_word' id='word_1_113' title='bbox 698 1139 767 1177; x_wconf 88' lang='lat' dir='ltr'>ex</span> <span class='ocrx_word' id='word_1_114' title='bbox 794 1135 1061 1174; x_wconf 83' lang='lat' dir='ltr'>marmore</span> <span class='ocrx_word' id='word_1_115' title='bbox 1091 1157 1104 1183; x_wconf 90' lang='lat'><strong>‚</strong></span> <span class='ocrx_word' id='word_1_116' title='bbox 1145 1122 1383 1189; x_wconf 87' lang='lat' dir='ltr'>pumice,</span> <span class='ocrx_word' id='word_1_117' title='bbox 1420 1119 1594 1190; x_wconf 89' lang='lat' dir='ltr'>lapide</span> <span class='ocrx_word' id='word_1_118' title='bbox 1622 1123 1776 1191; x_wconf 83' lang='lat' dir='ltr'>nigro</span> <span class='ocrx_word' id='word_1_119' title='bbox 1805 1157 1821 1183; x_wconf 89' lang='lat'>‚</span> <span class='ocrx_word' id='word_1_120' title='bbox 1853 1117 2011 1176; x_wconf 87' lang='lat' dir='ltr'>viridi</span> <span class='ocrx_word' id='word_1_121' title='bbox 2042 1157 2057 1183; x_wconf 88' lang='lat'>‚</span> <span class='ocrx_word' id='word_1_122' title='bbox 2090 1121 2140 1174; x_wconf 86' lang='lat'>&amp;</span> 
     </span>
     <span class='ocr_line' id='line_1_15' title="bbox 319 1192 2150 1260; baseline -0.006 -4"><span class='ocrx_word' id='word_1_123' title='bbox 319 1204 427 1257; x_wconf 87' lang='lat' dir='ltr'>aliis</span> <span class='ocrx_word' id='word_1_124' title='bbox 459 1199 740 1252; x_wconf 85' lang='lat' dir='ltr'>innumeris</span> <span class='ocrx_word' id='word_1_125' title='bbox 770 1231 785 1256; x_wconf 88' lang='lat'>,</span> <span class='ocrx_word' id='word_1_126' title='bbox 825 1208 953 1247; x_wconf 87' lang='lat' dir='ltr'>tunc</span> <span class='ocrx_word' id='word_1_127' title='bbox 979 1194 1262 1245; x_wconf 83' lang='lat' dir='ltr'>conficitur</span> <span class='ocrx_word' id='word_1_128' title='bbox 1293 1192 1452 1243; x_wconf 68' lang='lat' dir='ltr'>maffia</span> <span class='ocrx_word' id='word_1_129' title='bbox 1485 1197 1655 1245; x_wconf 88' lang='lat' dir='ltr'>vitrea</span> <span class='ocrx_word' id='word_1_130' title='bbox 1689 1198 1923 1260; x_wconf 87' lang='lat' dir='ltr'>impura,</span> <span class='ocrx_word' id='word_1_131' title='bbox 1962 1206 2150 1258; x_wconf 86' lang='lat' dir='ltr'>opaca,</span> 
     </span>
     <span class='ocr_line' id='line_1_16' title="bbox 320 1261 2141 1340; baseline -0.004 -14"><span class='ocrx_word' id='word_1_132' title='bbox 320 1276 370 1332; x_wconf 74' lang='grc'>8(</span> <span class='ocrx_word' id='word_1_133' title='bbox 402 1272 580 1340; x_wconf 88' lang='lat' dir='ltr'>aspera</span> <span class='ocrx_word' id='word_1_134' title='bbox 609 1289 626 1322; x_wconf 87' lang='lat'>:</span> <span class='ocrx_word' id='word_1_135' title='bbox 666 1266 806 1320; x_wconf 88' lang='lat' dir='ltr'>secus</span> <span class='ocrx_word' id='word_1_136' title='bbox 835 1277 1015 1319; x_wconf 88' lang='lat' dir='ltr'>autem</span> <span class='ocrx_word' id='word_1_137' title='bbox 1047 1267 1079 1315; x_wconf 83' lang='lat' dir='ltr'>ii</span> <span class='ocrx_word' id='word_1_138' title='bbox 1108 1280 1178 1316; x_wconf 83' lang='lat' dir='ltr'>ex</span> <span class='ocrx_word' id='word_1_139' title='bbox 1233 1261 1415 1317; x_wconf 85' lang='lat' dir='ltr'>eadem</span> <span class='ocrx_word' id='word_1_140' title='bbox 1448 1262 1606 1315; x_wconf 83' lang='lat' dir='ltr'>maffa</span> <span class='ocrx_word' id='word_1_141' title='bbox 1647 1264 1847 1333; x_wconf 87' lang='lat' dir='ltr'>lapidea</span> <span class='ocrx_word' id='word_1_142' title='bbox 1884 1263 2141 1318; x_wconf 79' lang='lat' dir='ltr'>candente</span> 
     </span>
     <span class='ocr_line' id='line_1_17' title="bbox 320 1336 2144 1412; baseline -0.005 -10"><span class='ocrx_word' id='word_1_143' title='bbox 320 1346 549 1412; x_wconf 85' lang='lat' dir='ltr'>ejusdem</span> <span class='ocrx_word' id='word_1_144' title='bbox 587 1339 918 1395; x_wconf 81' lang='lat' dir='ltr'>confistentiae</span> <span class='ocrx_word' id='word_1_145' title='bbox 947 1375 964 1402; x_wconf 86' lang='lat'>‚</span> <span class='ocrx_word' id='word_1_146' title='bbox 994 1339 1044 1392; x_wconf 85' lang='lat'>&amp;</span> <span class='ocrx_word' id='word_1_147' title='bbox 1075 1336 1405 1391; x_wconf 86' lang='lat' dir='ltr'>minutiffima</span> <span class='ocrx_word' id='word_1_148' title='bbox 1437 1351 1596 1386; x_wconf 83' lang='lat' dir='ltr'>arena</span> <span class='ocrx_word' id='word_1_149' title='bbox 1626 1336 1936 1389; x_wconf 86' lang='lat' dir='ltr'>conficiatur</span> <span class='ocrx_word' id='word_1_150' title='bbox 1966 1355 1984 1404; x_wconf 78' lang='lat'>,-</span> <span class='ocrx_word' id='word_1_151' title='bbox 2015 1350 2144 1392; x_wconf 86' lang='lat' dir='ltr'>tunc</span> 
     </span>
     <span class='ocr_line' id='line_1_18' title="bbox 322 1408 2144 1484; baseline -0.005 -11"><span class='ocrx_word' id='word_1_152' title='bbox 322 1421 459 1473; x_wconf 81' lang='lat' dir='ltr'>enim</span> <span class='ocrx_word' id='word_1_153' title='bbox 499 1419 707 1473; x_wconf 82' lang='lat' dir='ltr'>vitrum</span> <span class='ocrx_word' id='word_1_154' title='bbox 746 1411 1084 1484; x_wconf 82' lang='lat' dir='ltr'>puriffimum</span> <span class='ocrx_word' id='word_1_155' title='bbox 1110 1447 1124 1475; x_wconf 90' lang='lat'>‚</span> <span class='ocrx_word' id='word_1_156' title='bbox 1159 1411 1469 1482; x_wconf 79' lang='lat' dir='ltr'>laevigatum</span> <span class='ocrx_word' id='word_1_157' title='bbox 1499 1443 1516 1471; x_wconf 89' lang='lat'><strong><em>,</em></strong></span> <span class='ocrx_word' id='word_1_158' title='bbox 1550 1408 1599 1460; x_wconf 73' lang='lat' dir='ltr'>a&amp;</span> <span class='ocrx_word' id='word_1_159' title='bbox 1630 1408 1989 1479; x_wconf 85' lang='lat' dir='ltr'>transpicuum</span> <span class='ocrx_word' id='word_1_160' title='bbox 2016 1426 2144 1464; x_wconf 90' lang='lat' dir='ltr'>con-</span> 
     </span>
     <span class='ocr_line' id='line_1_19' title="bbox 322 1494 530 1548; baseline -0.01 0"><span class='ocrx_word' id='word_1_161' title='bbox 322 1494 408 1548; x_wconf 86' lang='lat' dir='ltr'>sur</span> <span class='ocrx_word' id='word_1_162' title='bbox 453 1494 490 1544; x_wconf 86' lang='lat' dir='ltr'>it</span> <span class='ocrx_word' id='word_1_163' title='bbox 517 1532 530 1546; x_wconf 89' lang='lat'><strong>.</strong></span> 
     </span>
    </p>

    <p class='ocr_par' dir='ltr' id='par_1_5' title="bbox 323 1506 2149 3014">
     <span class='ocr_line' id='line_1_20' title="bbox 411 1506 2139 1630; baseline -0.006 -13"><span class='ocrx_word' id='word_1_164' title='bbox 411 1506 557 1617; x_wconf 85' lang='lat' dir='ltr'>gSic</span> <span class='ocrx_word' id='word_1_165' title='bbox 605 1565 802 1628; x_wconf 84' lang='lat' dir='ltr'>pariter</span> <span class='ocrx_word' id='word_1_166' title='bbox 860 1561 987 1630; x_wconf 88' lang='lat' dir='ltr'>quia</span> <span class='ocrx_word' id='word_1_167' title='bbox 1042 1570 1185 1611; x_wconf 81' lang='lat' dir='ltr'>terra</span> <span class='ocrx_word' id='word_1_168' title='bbox 1224 1590 1239 1618; x_wconf 87' lang='lat'>‚</span> <span class='ocrx_word' id='word_1_169' title='bbox 1296 1556 1347 1608; x_wconf 88' lang='lat'>&amp;</span> <span class='ocrx_word' id='word_1_170' title='bbox 1376 1570 1532 1607; x_wconf 82' lang='lat' dir='ltr'>arena</span> <span class='ocrx_word' id='word_1_171' title='bbox 1564 1556 1611 1605; x_wconf 86' lang='lat' dir='ltr'>in</span> <span class='ocrx_word' id='word_1_172' title='bbox 1643 1554 1929 1606; x_wconf 87' lang='lat' dir='ltr'>visceribus</span> <span class='ocrx_word' id='word_1_173' title='bbox 1973 1554 2139 1607; x_wconf 84' lang='lat' dir='ltr'>AEtnae</span> 
     </span>
     <span class='ocr_line' id='line_1_21' title="bbox 324 1625 2138 1704; baseline -0.007 -12"><span class='ocrx_word' id='word_1_174' title='bbox 324 1648 573 1693; x_wconf 88' lang='lat' dir='ltr'>contenta</span> <span class='ocrx_word' id='word_1_175' title='bbox 602 1649 704 1686; x_wconf 88' lang='lat' dir='ltr'>non</span> <span class='ocrx_word' id='word_1_176' title='bbox 733 1629 884 1704; x_wconf 71' lang='lat' dir='ltr'>aeque</span> <span class='ocrx_word' id='word_1_177' title='bbox 913 1631 1153 1694; x_wconf 85' lang='lat' dir='ltr'>con-tusa,</span> <span class='ocrx_word' id='word_1_178' title='bbox 1183 1643 1276 1681; x_wconf 89' lang='lat' dir='ltr'>nec</span> <span class='ocrx_word' id='word_1_179' title='bbox 1305 1628 1636 1698; x_wconf 84' lang='lat' dir='ltr'>homogenea</span> <span class='ocrx_word' id='word_1_180' title='bbox 1652 1662 1668 1690; x_wconf 89' lang='lat'><strong><em>,</em></strong></span> <span class='ocrx_word' id='word_1_181' title='bbox 1702 1641 1876 1699; x_wconf 86' lang='lat' dir='ltr'>neque</span> <span class='ocrx_word' id='word_1_182' title='bbox 1905 1625 2138 1690; x_wconf 78' lang='lat' dir='ltr'>ejusdem</span> 
     </span>
     <span class='ocr_line' id='line_1_22' title="bbox 328 1700 2142 1774; baseline -0.009 -8"><span class='ocrx_word' id='word_1_183' title='bbox 328 1710 659 1766; x_wconf 74' lang='lat' dir='ltr'>consistentia:</span> <span class='ocrx_word' id='word_1_184' title='bbox 688 1706 761 1760; x_wconf 91' lang='lat' dir='ltr'>est</span> <span class='ocrx_word' id='word_1_185' title='bbox 792 1740 809 1768; x_wconf 93' lang='lat'><strong>,</strong></span> <span class='ocrx_word' id='word_1_186' title='bbox 864 1705 1130 1774; x_wconf 81' lang='lat' dir='ltr'>consurgit</span> <span class='ocrx_word' id='word_1_187' title='bbox 1187 1701 1348 1754; x_wconf 75' lang='lat' dir='ltr'>masia</span> <span class='ocrx_word' id='word_1_188' title='bbox 1382 1705 1557 1755; x_wconf 86' lang='lat' dir='ltr'>vitrea</span> <span class='ocrx_word' id='word_1_189' title='bbox 1600 1703 1808 1767; x_wconf 89' lang='lat' dir='ltr'>impura</span> <span class='ocrx_word' id='word_1_190' title='bbox 1837 1736 1853 1763; x_wconf 89' lang='lat'>‚</span> <span class='ocrx_word' id='word_1_191' title='bbox 1921 1700 1971 1752; x_wconf 70' lang='grc' dir='ltr'>ὅ(</span> <span class='ocrx_word' id='word_1_192' title='bbox 2006 1713 2142 1770; x_wconf 89' lang='lat' dir='ltr'>quo-</span> 
     </span>
     <span class='ocr_line' id='line_1_23' title="bbox 323 1771 2137 1844; baseline -0.008 -7"><span class='ocrx_word' id='word_1_193' title='bbox 323 1782 609 1837; x_wconf 89' lang='lat' dir='ltr'>dammodo</span> <span class='ocrx_word' id='word_1_194' title='bbox 639 1776 803 1832; x_wconf 73' lang='lat' dir='ltr'>lutosa</span> <span class='ocrx_word' id='word_1_195' title='bbox 841 1795 860 1844; x_wconf 80' lang='lat'>3</span> <span class='ocrx_word' id='word_1_196' title='bbox 889 1777 939 1830; x_wconf 73' lang='lat' dir='ltr'>St</span> <span class='ocrx_word' id='word_1_197' title='bbox 983 1778 1046 1829; x_wconf 80' lang='lat' dir='ltr'>fic</span> <span class='ocrx_word' id='word_1_198' title='bbox 1085 1778 1280 1829; x_wconf 89' lang='lat' dir='ltr'>mirum</span> <span class='ocrx_word' id='word_1_199' title='bbox 1309 1791 1410 1827; x_wconf 92' lang='lat' dir='ltr'>non</span> <span class='ocrx_word' id='word_1_200' title='bbox 1439 1774 1511 1825; x_wconf 89' lang='lat' dir='ltr'>est</span> <span class='ocrx_word' id='word_1_201' title='bbox 1543 1771 1870 1842; x_wconf 86' lang='lat' dir='ltr'>superficiem</span> <span class='ocrx_word' id='word_1_202' title='bbox 1899 1771 2009 1837; x_wconf 83' lang='lat' dir='ltr'>ejus</span> <span class='ocrx_word' id='word_1_203' title='bbox 2039 1787 2137 1825; x_wconf 84' lang='lat' dir='ltr'>ex-</span> 
     </span>
     <span class='ocr_line' id='line_1_24' title="bbox 325 1846 2139 1921; baseline -0.007 -12"><span class='ocrx_word' id='word_1_204' title='bbox 325 1868 532 1909; x_wconf 88' lang='lat' dir='ltr'>ternam</span> <span class='ocrx_word' id='word_1_205' title='bbox 571 1853 673 1906; x_wconf 77' lang='lat' dir='ltr'>efle</span> <span class='ocrx_word' id='word_1_206' title='bbox 703 1850 861 1905; x_wconf 70' lang='lat' dir='ltr'>valde</span> <span class='ocrx_word' id='word_1_207' title='bbox 893 1849 1197 1921; x_wconf 82' lang='lat' dir='ltr'>inaequalem</span> <span class='ocrx_word' id='word_1_208' title='bbox 1223 1884 1237 1909; x_wconf 88' lang='lat'>‚</span> <span class='ocrx_word' id='word_1_209' title='bbox 1261 1849 1529 1915; x_wconf 85' lang='lat' dir='ltr'>asperam,</span> <span class='ocrx_word' id='word_1_210' title='bbox 1553 1846 1601 1898; x_wconf 72' lang='grc' dir='ltr'>ἃ</span> <span class='ocrx_word' id='word_1_211' title='bbox 1632 1847 1845 1898; x_wconf 84' lang='lat' dir='ltr'>omnino</span> <span class='ocrx_word' id='word_1_212' title='bbox 1876 1860 2096 1914; x_wconf 87' lang='lat' dir='ltr'>opacam</span> <span class='ocrx_word' id='word_1_213' title='bbox 2125 1883 2139 1897; x_wconf 89' lang='lat'><strong>.</strong></span> 
     </span>
     <span class='ocr_line' id='line_1_25' title="bbox 326 1917 2136 1987; baseline -0.007 -8"><span class='ocrx_word' id='word_1_214' title='bbox 326 1927 498 1983; x_wconf 86' lang='lat' dir='ltr'>Nulla</span> <span class='ocrx_word' id='word_1_215' title='bbox 538 1928 676 1979; x_wconf 87' lang='lat' dir='ltr'>enim</span> <span class='ocrx_word' id='word_1_216' title='bbox 713 1924 809 1976; x_wconf 87' lang='lat' dir='ltr'>alia</span> <span class='ocrx_word' id='word_1_217' title='bbox 846 1920 915 1975; x_wconf 91' lang='lat' dir='ltr'>de</span> <span class='ocrx_word' id='word_1_218' title='bbox 955 1921 1103 1974; x_wconf 84' lang='lat' dir='ltr'>causa</span> <span class='ocrx_word' id='word_1_219' title='bbox 1147 1920 1344 1973; x_wconf 84' lang='lat' dir='ltr'>fluores</span> <span class='ocrx_word' id='word_1_220' title='bbox 1385 1920 1700 1987; x_wconf 84' lang='lat' dir='ltr'>homogenei</span> <span class='ocrx_word' id='word_1_221' title='bbox 1741 1953 1756 1980; x_wconf 93' lang='lat'><strong>,</strong></span> <span class='ocrx_word' id='word_1_222' title='bbox 1814 1920 1864 1972; x_wconf 87' lang='lat'>&amp;</span> <span class='ocrx_word' id='word_1_223' title='bbox 1906 1917 2136 1980; x_wconf 86' lang='lat' dir='ltr'>ejusdem</span> 
     </span>
     <span class='ocr_line' id='line_1_26' title="bbox 327 1989 2140 2063; baseline -0.008 -9"><span class='ocrx_word' id='word_1_224' title='bbox 327 2000 654 2054; x_wconf 67' lang='lat' dir='ltr'>consistentiae</span> <span class='ocrx_word' id='word_1_225' title='bbox 683 1996 1033 2063; x_wconf 81' lang='lat' dir='ltr'>explanantur</span> <span class='ocrx_word' id='word_1_226' title='bbox 1061 2028 1078 2055; x_wconf 88' lang='lat'>‚</span> <span class='ocrx_word' id='word_1_227' title='bbox 1116 1993 1543 2060; x_wconf 82' lang='lat' dir='ltr'>laeviganturque</span> <span class='ocrx_word' id='word_1_228' title='bbox 1571 2023 1589 2050; x_wconf 82' lang='lat'>,</span> <span class='ocrx_word' id='word_1_229' title='bbox 1628 1989 1714 2040; x_wconf 79' lang='lat' dir='ltr'>nili</span> <span class='ocrx_word' id='word_1_230' title='bbox 1744 1995 1871 2060; x_wconf 85' lang='lat' dir='ltr'>quia</span> <span class='ocrx_word' id='word_1_231' title='bbox 1898 1991 2140 2043; x_wconf 85' lang='lat' dir='ltr'>constant</span> 
     </span>
     <span class='ocr_line' id='line_1_27' title="bbox 331 2060 2145 2142; baseline -0.008 -16"><span class='ocrx_word' id='word_1_232' title='bbox 331 2089 409 2142; x_wconf 59' lang='lat' dir='ltr'>¹ex</span> <span class='ocrx_word' id='word_1_233' title='bbox 441 2069 706 2140; x_wconf 83' lang='lat' dir='ltr'>particulis</span> <span class='ocrx_word' id='word_1_234' title='bbox 735 2066 1079 2120; x_wconf 82' lang='lat' dir='ltr'>minutiffimis</span> <span class='ocrx_word' id='word_1_235' title='bbox 1108 2061 1336 2126; x_wconf 74' lang='lat' dir='ltr'>ejusdem</span> <span class='ocrx_word' id='word_1_236' title='bbox 1365 2060 1549 2130; x_wconf 83' lang='lat' dir='ltr'>figurae</span> <span class='ocrx_word' id='word_1_237' title='bbox 1576 2095 1591 2122; x_wconf 91' lang='lat'><strong><em>,</em></strong></span> <span class='ocrx_word' id='word_1_238' title='bbox 1621 2060 1670 2111; x_wconf 88' lang='lat'>&amp;</span> <span class='ocrx_word' id='word_1_239' title='bbox 1701 2062 2055 2129; x_wconf 53' lang='lat' dir='ltr'>confflem-ms,</span> <span class='ocrx_word' id='word_1_240' title='bbox 2087 2062 2145 2125; x_wconf 76' lang='lat'>&amp;-</span> 
     </span>
     <span class='ocr_line' id='line_1_28' title="bbox 328 2132 2140 2216; baseline -0.007 -20"><span class='ocrx_word' id='word_1_241' title='bbox 328 2145 608 2216; x_wconf 78' lang='lat' dir='ltr'>gravitatis</span> <span class='ocrx_word' id='word_1_242' title='bbox 647 2158 666 2207; x_wconf 82' lang='lat'>3</span> <span class='ocrx_word' id='word_1_243' title='bbox 725 2141 774 2195; x_wconf 74' lang='lat' dir='ltr'>Sc</span> <span class='ocrx_word' id='word_1_244' title='bbox 806 2134 1024 2209; x_wconf 70' lang='lat' dir='ltr'>proinde</span> <span class='ocrx_word' id='word_1_245' title='bbox 1052 2152 1155 2188; x_wconf 90' lang='lat' dir='ltr'>non</span> <span class='ocrx_word' id='word_1_246' title='bbox 1188 2134 1595 2200; x_wconf 85' lang='lat' dir='ltr'>impediuntur,</span> <span class='ocrx_word' id='word_1_247' title='bbox 1636 2137 1766 2204; x_wconf 85' lang='lat' dir='ltr'>qui-n</span> <span class='ocrx_word' id='word_1_248' title='bbox 1803 2133 1987 2205; x_wconf 78' lang='lat' dir='ltr'>aequali</span> <span class='ocrx_word' id='word_1_249' title='bbox 2028 2132 2140 2186; x_wconf 89' lang='lat' dir='ltr'>nisu</span> 
     </span>
     <span class='ocr_line' id='line_1_29' title="bbox 330 2206 2141 2277; baseline -0.007 -7"><span class='ocrx_word' id='word_1_250' title='bbox 330 2219 568 2271; x_wconf 85' lang='lat' dir='ltr'>ferantur</span> <span class='ocrx_word' id='word_1_251' title='bbox 595 2214 839 2268; x_wconf 86' lang='lat' dir='ltr'>deorsum</span> <span class='ocrx_word' id='word_1_252' title='bbox 869 2248 884 2274; x_wconf 89' lang='lat'>‚</span> <span class='ocrx_word' id='word_1_253' title='bbox 914 2209 1001 2263; x_wconf 88' lang='lat' dir='ltr'>seu</span> <span class='ocrx_word' id='word_1_254' title='bbox 1030 2212 1164 2262; x_wconf 89' lang='lat' dir='ltr'>inter</span> <span class='ocrx_word' id='word_1_255' title='bbox 1194 2206 1242 2258; x_wconf 89' lang='lat' dir='ltr'>se</span> <span class='ocrx_word' id='word_1_256' title='bbox 1272 2210 1522 2258; x_wconf 87' lang='lat' dir='ltr'>uniantur</span> <span class='ocrx_word' id='word_1_257' title='bbox 1557 2224 1575 2259; x_wconf 84' lang='lat'>.-</span> <span class='ocrx_word' id='word_1_258' title='bbox 1629 2220 1685 2258; x_wconf 86' lang='lat' dir='ltr'>at</span> <span class='ocrx_word' id='word_1_259' title='bbox 1715 2206 1929 2277; x_wconf 88' lang='lat' dir='ltr'>quando</span> <span class='ocrx_word' id='word_1_260' title='bbox 1959 2220 2141 2273; x_wconf 46' lang='lat' dir='ltr'>partes*</span> 
     </span>
     <span class='ocr_line' id='line_1_30' title="bbox 331 2277 2143 2352; baseline -0.007 -9"><span class='ocrx_word' id='word_1_261' title='bbox 331 2307 433 2344; x_wconf 88' lang='lat' dir='ltr'>non</span> <span class='ocrx_word' id='word_1_262' title='bbox 465 2290 580 2342; x_wconf 88' lang='lat' dir='ltr'>sunt</span> <span class='ocrx_word' id='word_1_263' title='bbox 610 2287 835 2351; x_wconf 72' lang='lat' dir='ltr'>ejusdem</span> <span class='ocrx_word' id='word_1_264' title='bbox 866 2280 1237 2352; x_wconf 81' lang='lat' dir='ltr'>magnitudinis</span> <span class='ocrx_word' id='word_1_265' title='bbox 1248 2316 1263 2342; x_wconf 88' lang='lat'><strong><em>,</em></strong></span> <span class='ocrx_word' id='word_1_266' title='bbox 1287 2293 1461 2349; x_wconf 86' lang='lat' dir='ltr'>nequ-e</span> <span class='ocrx_word' id='word_1_267' title='bbox 1491 2277 1732 2347; x_wconf 85' lang='lat' dir='ltr'>ponderis</span> <span class='ocrx_word' id='word_1_268' title='bbox 1761 2314 1777 2341; x_wconf 91' lang='lat'>,</span> <span class='ocrx_word' id='word_1_269' title='bbox 1810 2292 1982 2348; x_wconf 89' lang='lat' dir='ltr'>neque</span> <span class='ocrx_word' id='word_1_270' title='bbox 2011 2294 2143 2330; x_wconf 71' lang='grc' dir='ltr'>(τοη-ι</span> 
     </span>
     <span class='ocr_line' id='line_1_31' title="bbox 333 2349 2136 2430; baseline -0.007 -17"><span class='ocrx_word' id='word_1_271' title='bbox 333 2363 588 2421; x_wconf 70' lang='lat' dir='ltr'>{iste-ntiae,</span> <span class='ocrx_word' id='word_1_272' title='bbox 619 2373 793 2430; x_wconf 87' lang='lat' dir='ltr'>neque</span> <span class='ocrx_word' id='word_1_273' title='bbox 821 2357 1004 2427; x_wconf 78' lang='lat' dir='ltr'>figurae</span> <span class='ocrx_word' id='word_1_274' title='bbox 1030 2373 1049 2420; x_wconf 74' lang='grc' dir='ltr'>,τ</span> <span class='ocrx_word' id='word_1_275' title='bbox 1081 2366 1208 2406; x_wconf 92' lang='lat' dir='ltr'>tunc</span> <span class='ocrx_word' id='word_1_276' title='bbox 1237 2350 1340 2403; x_wconf 85' lang='lat' dir='ltr'>aliae</span> <span class='ocrx_word' id='word_1_277' title='bbox 1366 2351 1585 2421; x_wconf 87' lang='lat' dir='ltr'>quidem</span> <span class='ocrx_word' id='word_1_278' title='bbox 1614 2349 1824 2418; x_wconf 77' lang='lat' dir='ltr'>pofl&#39;unt</span> <span class='ocrx_word' id='word_1_279' title='bbox 1855 2350 2136 2422; x_wconf 83' lang='lat' dir='ltr'>liquefieri,</span> 
     </span>
     <span class='ocr_line' id='line_1_32' title="bbox 331 2425 2139 2498; baseline -0.006 -12"><span class='ocrx_word' id='word_1_280' title='bbox 331 2433 441 2486; x_wconf 85' lang='lat' dir='ltr'>aliae</span> <span class='ocrx_word' id='word_1_281' title='bbox 470 2449 571 2486; x_wconf 87' lang='lat' dir='ltr'>non</span> <span class='ocrx_word' id='word_1_282' title='bbox 603 2449 621 2496; x_wconf 91' lang='lat'>,·</span> <span class='ocrx_word' id='word_1_283' title='bbox 661 2434 767 2483; x_wconf 79' lang='lat' dir='ltr'>alia:</span> <span class='ocrx_word' id='word_1_284' title='bbox 798 2431 961 2498; x_wconf 81' lang='lat' dir='ltr'>magis</span> <span class='ocrx_word' id='word_1_285' title='bbox 990 2426 1234 2479; x_wconf 87' lang='lat' dir='ltr'>deorsum</span> <span class='ocrx_word' id='word_1_286' title='bbox 1259 2438 1553 2477; x_wconf 84' lang='lat' dir='ltr'>excurrere</span> <span class='ocrx_word' id='word_1_287' title='bbox 1591 2458 1606 2484; x_wconf 89' lang='lat'>‚</span> <span class='ocrx_word' id='word_1_288' title='bbox 1645 2425 1753 2475; x_wconf 84' lang='lat' dir='ltr'>aliae</span> <span class='ocrx_word' id='word_1_289' title='bbox 1781 2439 1916 2477; x_wconf 81' lang='lat' dir='ltr'>vero</span> <span class='ocrx_word' id='word_1_290' title='bbox 1944 2429 2139 2475; x_wconf 87' lang='lat' dir='ltr'>emine·</span> 
     </span>
     <span class='ocr_line' id='line_1_33' title="bbox 335 2493 2141 2574; baseline -0.006 -18"><span class='ocrx_word' id='word_1_291' title='bbox 335 2522 393 2558; x_wconf 84' lang='lat' dir='ltr'>re</span> <span class='ocrx_word' id='word_1_292' title='bbox 429 2542 450 2570; x_wconf 81' lang='grc'>,</span> <span class='ocrx_word' id='word_1_293' title='bbox 505 2518 565 2556; x_wconf 88' lang='lat' dir='ltr'>ut</span> <span class='ocrx_word' id='word_1_294' title='bbox 596 2506 796 2574; x_wconf 83' lang='lat' dir='ltr'>lignum</span> <span class='ocrx_word' id='word_1_295' title='bbox 829 2502 980 2568; x_wconf 84' lang='lat' dir='ltr'>super</span> <span class='ocrx_word' id='word_1_296' title='bbox 1006 2515 1205 2571; x_wconf 86' lang='lat' dir='ltr'>aquam</span> <span class='ocrx_word' id='word_1_297' title='bbox 1237 2499 1465 2549; x_wconf 79' lang='lat' dir='ltr'>innatans</span> <span class='ocrx_word' id='word_1_298' title='bbox 1488 2516 1510 2551; x_wconf 84' lang='lat'>.-</span> <span class='ocrx_word' id='word_1_299' title='bbox 1538 2493 1879 2570; x_wconf 26' lang='lat' dir='ltr'>‘proindeque</span> <span class='ocrx_word' id='word_1_300' title='bbox 1910 2494 2141 2548; x_wconf 75' lang='lat' dir='ltr'>necessa-</span> 
     </span>
     <span class='ocr_line' id='line_1_34' title="bbox 336 2569 2144 2645; baseline -0.007 -16"><span class='ocrx_word' id='word_1_301' title='bbox 336 2582 415 2629; x_wconf 88' lang='lat' dir='ltr'>rio</span> <span class='ocrx_word' id='word_1_302' title='bbox 454 2580 791 2645; x_wconf 80' lang='lat' dir='ltr'>componitur</span> <span class='ocrx_word' id='word_1_303' title='bbox 831 2586 1051 2626; x_wconf 82' lang='lat' dir='ltr'>externa</span> <span class='ocrx_word' id='word_1_304' title='bbox 1090 2569 1389 2640; x_wconf 85' lang='lat' dir='ltr'>superficies</span> <span class='ocrx_word' id='word_1_305' title='bbox 1428 2571 1690 2641; x_wconf 73' lang='lat' dir='ltr'>inaequalis</span> <span class='ocrx_word' id='word_1_306' title='bbox 1730 2606 1744 2632; x_wconf 90' lang='lat'>‚</span> <span class='ocrx_word' id='word_1_307' title='bbox 1789 2569 2026 2621; x_wconf 84' lang='lat' dir='ltr'>constans</span> <span class='ocrx_word' id='word_1_308' title='bbox 2065 2581 2144 2619; x_wconf 83' lang='lat' dir='ltr'>ex·</span> 
     </span>
     <span class='ocr_line' id='line_1_35' title="bbox 336 2638 2147 2717; baseline -0.008 -15"><span class='ocrx_word' id='word_1_309' title='bbox 336 2651 631 2702; x_wconf 89' lang='lat' dir='ltr'>monticulis</span> <span class='ocrx_word' id='word_1_310' title='bbox 650 2683 667 2711; x_wconf 92' lang='lat'><strong>,</strong></span> <span class='ocrx_word' id='word_1_311' title='bbox 697 2648 784 2700; x_wconf 89' lang='lat' dir='ltr'>seu</span> <span class='ocrx_word' id='word_1_312' title='bbox 815 2649 1085 2703; x_wconf 78' lang='lat' dir='ltr'>verrucis,</span> <span class='ocrx_word' id='word_1_313' title='bbox 1115 2659 1281 2717; x_wconf 88' lang='lat' dir='ltr'>atque</span> <span class='ocrx_word' id='word_1_314' title='bbox 1310 2659 1378 2696; x_wconf 89' lang='lat' dir='ltr'>ex</span> <span class='ocrx_word' id='word_1_315' title='bbox 1408 2644 1630 2695; x_wconf 81' lang='lat' dir='ltr'>vallibus</span> <span class='ocrx_word' id='word_1_316' title='bbox 1662 2644 1974 2703; x_wconf 72' lang='lat' dir='ltr'>innumeri5‚</span> <span class='ocrx_word' id='word_1_317' title='bbox 2005 2638 2147 2690; x_wconf 90' lang='lat' dir='ltr'>ideo-</span> 
     </span>
     <span class='ocr_line' id='line_1_36' title="bbox 335 2712 2143 2793; baseline -0.005 -21"><span class='ocrx_word' id='word_1_318' title='bbox 335 2737 446 2793; x_wconf 90' lang='lat' dir='ltr'>que</span> <span class='ocrx_word' id='word_1_319' title='bbox 474 2721 651 2790; x_wconf 83' lang='lat' dir='ltr'>aspera</span> <span class='ocrx_word' id='word_1_320' title='bbox 682 2724 807 2773; x_wconf 87' lang='lat' dir='ltr'>erit.</span> <span class='ocrx_word' id='word_1_321' title='bbox 837 2720 966 2773; x_wconf 79' lang='lat' dir='ltr'>Hazc</span> <span class='ocrx_word' id='word_1_322' title='bbox 994 2716 1174 2770; x_wconf 84' lang='lat' dir='ltr'>eadem</span> <span class='ocrx_word' id='word_1_323' title='bbox 1205 2716 1463 2790; x_wconf 85' lang='lat' dir='ltr'>inaequalis</span> <span class='ocrx_word' id='word_1_324' title='bbox 1495 2753 1509 2779; x_wconf 94' lang='lat'>,</span> <span class='ocrx_word' id='word_1_325' title='bbox 1541 2718 1588 2770; x_wconf 75' lang='lat' dir='ltr'>St</span> <span class='ocrx_word' id='word_1_326' title='bbox 1620 2715 1879 2769; x_wconf 85' lang='lat' dir='ltr'>difformis</span> <span class='ocrx_word' id='word_1_327' title='bbox 1909 2712 2143 2779; x_wconf 85' lang='lat' dir='ltr'>partium</span> 
     </span>
     <span class='ocr_line' id='line_1_37' title="bbox 338 2783 2149 2864; baseline -0.007 -17"><span class='ocrx_word' id='word_1_328' title='bbox 338 2796 637 2847; x_wconf 84' lang='lat' dir='ltr'>constitutio</span> <span class='ocrx_word' id='word_1_329' title='bbox 678 2806 739 2845; x_wconf 90' lang='lat' dir='ltr'>ut</span> <span class='ocrx_word' id='word_1_330' title='bbox 779 2797 1045 2861; x_wconf 85' lang='lat' dir='ltr'>contingat</span> <span class='ocrx_word' id='word_1_331' title='bbox 1083 2804 1310 2864; x_wconf 89' lang='lat' dir='ltr'>quoque.</span> <span class='ocrx_word' id='word_1_332' title='bbox 1339 2789 1539 2843; x_wconf 83' lang='lat' dir='ltr'>neceffe</span> <span class='ocrx_word' id='word_1_333' title='bbox 1578 2792 1653 2844; x_wconf 88' lang='lat' dir='ltr'>est</span> <span class='ocrx_word' id='word_1_334' title='bbox 1692 2792 1740 2839; x_wconf 86' lang='lat' dir='ltr'>in</span> <span class='ocrx_word' id='word_1_335' title='bbox 1781 2783 2020 2854; x_wconf 86' lang='lat' dir='ltr'>partibus</span> <span class='ocrx_word' id='word_1_336' title='bbox 2061 2785 2149 2834; x_wconf 88' lang='lat' dir='ltr'>in·-</span> 
     </span>
     <span class='ocr_line' id='line_1_38' title="bbox 339 2857 2136 2937; baseline -0.005 -18"><span class='ocrx_word' id='word_1_337' title='bbox 339 2872 504 2921; x_wconf 75' lang='lat' dir='ltr'>ternis</span> <span class='ocrx_word' id='word_1_338' title='bbox 541 2866 765 2930; x_wconf 85' lang='lat' dir='ltr'>ejusdem</span> <span class='ocrx_word' id='word_1_339' title='bbox 812 2867 999 2937; x_wconf 80' lang='lat' dir='ltr'>glareae</span> <span class='ocrx_word' id='word_1_340' title='bbox 1036 2879 1129 2932; x_wconf 85' lang='lat' dir='ltr'>per</span> <span class='ocrx_word' id='word_1_341' title='bbox 1171 2863 1468 2919; x_wconf 83' lang='lat' dir='ltr'>universam</span> <span class='ocrx_word' id='word_1_342' title='bbox 1508 2863 1622 2927; x_wconf 83' lang='lat' dir='ltr'>ejus</span> <span class='ocrx_word' id='word_1_343' title='bbox 1667 2857 2136 2928; x_wconf 77' lang='lat' dir='ltr'>profunditatem3</span> 
     </span>
     <span class='ocr_line' id='line_1_39' title="bbox 343 2937 1526 3014; baseline -0.004 -18"><span class='ocrx_word' id='word_1_344' title='bbox 343 2957 410 2997; x_wconf 86' lang='lat' dir='ltr'>ex</span> <span class='ocrx_word' id='word_1_345' title='bbox 442 2955 549 3013; x_wconf 89' lang='lat' dir='ltr'>qua</span> <span class='ocrx_word' id='word_1_346' title='bbox 578 2941 799 3011; x_wconf 87' lang='lat' dir='ltr'>proinde</span> <span class='ocrx_word' id='word_1_347' title='bbox 828 2939 1071 3014; x_wconf 85' lang='lat' dir='ltr'>sequitur</span> <span class='ocrx_word' id='word_1_348' title='bbox 1101 2944 1332 3008; x_wconf 81' lang='lat' dir='ltr'>opacitas</span> <span class='ocrx_word' id='word_1_349' title='bbox 1363 2937 1477 3001; x_wconf 80' lang='lat' dir='ltr'>ejus</span> <span class='ocrx_word' id='word_1_350' title='bbox 1511 2976 1526 3009; x_wconf 71' lang='lat'>,</span> 
     </span>
    </p>

    <p class='ocr_par' dir='ltr' id='par_1_6' title="bbox 1863 3007 2083 3066">
     <span class='ocr_line' id='line_1_40' title="bbox 1863 3007 2083 3066; baseline -0.005 -7"><span class='ocrx_word' id='word_1_351' title='bbox 1863 3007 2083 3066; x_wconf 82' lang='lat' dir='ltr'>Praeter-</span> 
     </span>
    </p>
   </div>
  </div>
 </body>
</html>
