2373 3340
448 170 515 216 66
673 159 776 213 DE
830 152 1147 210 VESUVH
1199 151 1935 217 CONFLAGRATIONE

372 306 463 348 tus
504 289 656 346 rimis
686 287 962 346 nonnullis
1000 282 1340 359 exspirentur
1377 284 1609 342 calentes
1648 325 1662 349 ,
1707 287 1800 359 qui
1846 283 2000 364 saxis
2052 292 2174 363 pro-

358 361 736 441 pinquioribus
767 361 998 434 crustam
1016 360 1280 440 sulphure
1309 357 1407 435 ipso
1457 399 1473 424 ‚
1511 356 1826 435 salibusque
1855 397 1869 425 ‚
1899 377 1960 416 ac
1982 360 2175 434 pingui

372 438 629 512 quadam,
669 436 1071 493 bitumineaoue
1097 435 1328 489 materia
1356 445 1662 490 concretam
1691 429 1982 507 aspergunt
2012 474 2025 487 .
2058 436 2180 493 Ita-,

369 528 467 586 que
500 511 787 566 tenendum
816 510 909 584 cffi’
936 512 1161 566 videtur
1189 545 1203 571 ‚
1245 507 1318 561 ad
1351 509 1638 562 materiam
1666 504 1960 579 Vesuviani
1978 506 2174 579 flumi-

367 587 447 638 nis
487 581 906 656 constituendam
943 599 1256 640 concurrere
1283 588 1308 647 (
1337 594 1538 656 quo'quo
1569 580 1630 634 id
1646 581 1801 654 pafft'o
1830 574 2120 653 usuveniat
2149 581 2176 642 )

369 673 554 710 earum
583 658 818 710 omnium
848 675 1032 712 rerum
1061 657 1346 730 congeriem
1379 693 1395 718 ,
1426 673 1528 709 non
1555 657 1711 726 aequis
1741 657 1868 710 licet
1888 652 2176 725 partibas:

368 730 628 784 nimirum
666 728 896 781 metalla
931 763 943 783 ‚
982 729 1272 778 minei-alia
1302 764 1318 787 ,
1345 729 1482 783 viva
1509 741 1643 781 saxa
1682 764 1697 788 ‚
1730 728 1944 785 aliaque
1975 723 2179 783 multa,

368 805 428 857 vi
459 804 593 874 ignis
624 793 1038 873 impotentiffimi
1060 791 1296 870 subae‘ia
1334 811 1354 858 ‚-
1396 810 1624 864 quorum
1665 788 1880 867 scilicet
1910 798 2057 849 micis
2086 805 2177 848 at-

367 891 468 948 que
497 873 728 947 vestigiis
759 909 772 935 ‚
815 870 968 925 haud
991 865 1281 943 aequalibus
1312 875 1498 919 tamen
1529 897 1544 923 ‚
1595 858 1715 937 fere
1752 881 1929 923 totam
1966 880 2183 923 torren-

366 948 513 1001 tium
543 944 763 1018 mafflzm
790 944 1228 999 intermicantem
1259 933 1331 993 ἔθ’
1359 938 1680 1015 conspersam
1742 936 1990 1013 aspicias.
2054 938 2178 993 Hae

366 1031 556 1075 autem
566 1018 852 1095 sententia
880 1015 1178 1087 constituta
1207 1049 1222 1074 ,
1279 1013 1415 1066 coire
1444 1011 1695 1068 videlicet
1725 1013 1784 1064 in
1817 1010 2180 1065 Vesuvianam

366 1095 657 1143 materiam
687 1089 745 1139 id
766 1103 936 1160 genus
965 1103 1114 1140 omne
1143 1087 1539 1151 rnateriarum3
1557 1083 1732 1162 facile
1761 1083 2030 1136 rationem
2063 1083 2180 1133 red-

363 1161 488 1216 dere
510 1156 654 1236 poffis
693 1158 1048 1215 variantium
1077 1157 1174 1214 vel
1197 1152 1515 1234 aspebiuum,
1545 1159 1642 1216 vel
1667 1168 2026 1218 naturarum,
2053 1167 2184 1226 quas

365 1236 426 1290 in
464 1235 699 1288 materia
728 1232 894 1304 isthac
915 1228 1097 1302 paffim
1124 1230 1619 1282 animadvertimus
1657 1267 1671 1282 .

515 1305 698 1380 Atque
726 1315 794 1357 ut
825 1301 894 1357 ab
921 1303 987 1354 iis
1016 1299 1200 1362 rebus,
1233 1316 1470 1373 quarum
1498 1300 1571 1353 ad
1593 1306 1821 1356 tantam
1842 1299 2183 1353 torrentium

367 1377 587 1453 maffam
604 1379 790 1453 portio
817 1376 1049 1430 maxime
1078 1377 1276 1447 exigua
1305 1370 1402 1444 cst,
1433 1372 1714 1428 ordiamur
1738 1393 1754 1428 .·
1775 1375 1956 1449 primo
1984 1370 2093 1427 loco
2122 1372 2184 1426 de

364 1452 604 1509 metallis
633 1447 1034 1526 pretiosioribus
1071 1449 1242 1504 verba
1255 1442 1520 1519 faciemus
1549 1484 1564 1510 ‚
1593 1462 1730 1502 auro
1761 1486 1775 1508 ‚
1806 1458 2137 1518 argentoque
2169 1480 2186 1497 .

362 1526 643 1581 Creditum
681 1523 847 1594 vulgo
884 1520 956 1591 cst
991 1527 1018 1585 (
1052 1536 1071 1572 1
1106 1527 1134 1584 )
1171 1521 1463 1573 materiam
1491 1534 1524 1570 a
1552 1514 1781 1590 Vesuvio
1819 1514 2037 1591 effusam
2078 1534 2184 1571 non

358 1599 505 1651 omni
523 1607 689 1668 parte
726 1608 923 1649 vacare
961 1591 1313 1644 metallorum
1351 1586 1651 1660 hujusmodi
1691 1611 1708 1644 :
1748 1591 1966 1663 sibique
1993 1590 2182 1641 viden-

361 1681 466 1726 tur
496 1668 677 1724 videre
705 1665 836 1719 auri
865 1701 881 1726 ‚
946 1665 1265 1740 argentique
1293 1662 1521 1716 iniculas
1550 1659 1801 1742 inspersas
1842 1662 2184 1718 torrentium

361 1738 533 1814 maffae
567 1751 731 1812 atque
760 1734 1015 1814 confusas:
1045 1747 1348 1809 notantque
1367 1746 1467 1806 pro
1497 1736 1563 1788 iis
1588 1748 1756 1808 atque
1781 1735 2050 1808 designant
2073 1731 2184 1805 pel-

360 1815 565 1871 lucidas
606 1812 817 1885 aliquot
858 1805 1160 1884 nitidasque
1209 1807 1518 1882 particulas
1577 1809 1746 1864 colore
1774 1823 1969 1863 aureas
2006 1842 2021 1866 ‚
2072 1814 2179 1858 aut

357 1889 528 1942 etiam
557 1894 840 1958 argenteas
880 1920 895 1946 ‚
923 1883 984 1934 in
1014 1884 1248 1936 materia
1279 1884 1354 1952 Ve
1377 1883 1589 1936 aviana
1619 1883 1812 1936 intime
1845 1875 2177 1950 cobaereseen·

362 1973 442 2018 tes
471 1999 489 2027 ,
531 1959 861 2028 maximeque
888 1956 948 2010 in
966 1965 1133 2026 parte
1158 1954 1270 2025 ejus
1298 1949 1469 2023 maffae
1483 2018 1486 2022 .
1488 1950 1740 2024 solidiore
1769 1994 1780 2005 .
1815 1954 1974 2025 quue
2001 1952 2176 2004 etiam

364 2033 532 2105 magis
584 2025 918 2100 >comprobari
948 2036 1157 2097 putant
1195 2026 1499 2096 liquatione
1548 2025 1938 2079 nonnullorum
1991 2038 2176 2074 eorum

366 2104 608 2181 lapidum
635 2104 697 2157 vi
725 2101 932 2171 ignium
946 2093 1110 2173 soffia
1136 2115 1152 2150 :
1211 2110 1320 2171 qua
1358 2110 1426 2148 ex
1454 2092 1755 2151 liquatione
1804 2098 1945 2150 micae
1983 2093 2062 2146 bae
2092 2095 2179 2146 ni-

362 2190 539 2236 tentes
595 2175 927 2248 exstiterunt
957 2209 971 2235 ‚
1028 2187 1139 2243 quae
1177 2170 1238 2224 in
1275 2185 1449 2222 unum
1475 2167 1657 2223 veluti
1685 2180 1867 2244 corpus
1896 2163 2126 2223 colleHae
2158 2198 2175 2225 ‚

362 2253 517 2329 specie
546 2264 748 2303 aurum
787 2281 799 2307 ‚
828 2243 923 2301 vel
955 2244 1089 2318 quid
1120 2242 1250 2298 auri
1268 2239 1451 2310 simile
1479 2240 1741 2295 retulere.
1768 2239 2055 2316 Qaesane
2086 2253 2168 2288 res

362 2344 484 2382 cum
513 2323 599 2378 ita
624 2333 841 2396 prorsus
874 2353 891 2381 ,
929 2329 997 2372 ut
1027 2317 1194 2387 ajunt
1224 2353 1240 2379 ‚
1297 2312 1489 2368 babere
1519 2310 1575 2385 le
1594 2311 1748 2388 pfft
1783 2335 1798 2368 ε
1837 2325 2021 2369 tamen
2030 2305 2172 2378 fieri

362 2400 533 2452 etiam
553 2396 743 2471 potuit
773 2429 786 2454 ,
817 2401 885 2444 ut
900 2386 1152 2461 frustula
1179 2405 1239 2442 ea
1259 2387 1529 2462 pellucido
1557 2423 1573 2448 ,
1601 2389 1832 2462 aurique
1860 2384 2029 2439 colori
2050 2392 2175 2457 pro·
2213 2382 2222 2387 ’

365 2472 517 2524 xima
545 2505 561 2532 ,
589 2467 683 2523 vel
715 2482 785 2519 ex¹
823 2462 934 2514 alio
972 2463 1214 2537 quopiam
1243 2460 1464 2515 metallo
1494 2460 1653 2535 cff’nt
1683 2496 1700 2524 ‚
1734 2458 1859 2529 sive
1890 2470 2030 2532 puro
2071 2455 2172 2508 illo

353 2555 591 2619 putoque
618 2581 636 2608 ‚
656 2538 780 2608 sive
810 2535 1055 2611 permisto
1089 2573 1102 2598 ‚
1158 2552 1224 2589 ex
1251 2550 1641 2607 eorumgenere
1665 2569 1681 2595 ‚
1738 2551 1850 2609 quae
1877 2534 2009 2584 auri
2037 2525 2175 2605 aspe-

365 2614 514 2670 Bium
541 2652 555 2677 ‚
571 2610 950 2687 fulgoremque
978 2611 1328 2665 mentiuntur
1353 2626 1371 2661 :
1408 2607 1506 2661 e‹zrel
1525 2623 1586 2660 ea
1625 2624 1688 2661 ne
1728 2605 2015 2661 metallum
2053 2602 2173 2673 qui-

363 2688 478 2743 dem
517 2688 698 2741 ullum
728 2683 1033 2754 exsisterent
1064 2702 1081 2750 3
1101 2681 1201 2759 sed
1224 2685 1308 2737 ita
1337 2682 1702 2735 coloratorum
1730 2679 1966 2753 lapidum
1993 2677 2171 2727 minu·

363 2773 431 2819 ta
445 2758 725 2836 segmenta
750 2798 762 2809 .
807 2756 981 2814 Nihil
1005 2757 1103 2811 bae
1141 2759 1198 2809 in
1215 2766 1380 2831 parte
1417 2755 1558 2809 certi
1576 2753 1942 2827 pronuntiare
1969 2747 2169 2800 malui-

366 2852 481 2889 mus
511 2853 526 2887 :
573 2831 779 2907 quando
809 2829 958 2886 nibil
991 2832 1128 2886 certi
1165 2827 1459 2902 liquidique
1498 2821 1895 2881 tentationibus
1925 2816 2169 2896 curisque

363 2906 552 2983 nostris
583 2907 862 2963 valuimus
892 2905 1113 2961 elicere:
1146 2901 1384 2977 fierique
1410 2896 1580 2957 etiam
1590 2892 1825 2977 fortaffi’
1847 2891 2008 2970 paffet
2042 2933 2076 2979 ,·
2095 2904 2168 2964 utss

1953 2978 2098 3044 pert·

419 3075 487 3129 (1)
553 3074 607 3123 Id
638 3072 779 3136 ipsum
800 3074 973 3126 tenuit,
991 3072 1261 3133 tradiditque
1280 3069 1428 3119 noster
1448 3066 1685 3118 Cornelius
1704 3064 2022 3127 Progymnasm.
2039 3061 2168 3120 citati
