2373 3340
419 128 494 190 96
644 118 750 176 DE
799 116 1121 175 VESUVII
1169 114 1901 181 CONFLAGRATIONE

320 252 432 324 fiet
461 268 480 315 ,-
522 247 666 300 modo
703 246 905 303 rictum
934 283 949 310 ‚
988 264 1090 323 quo
1112 247 1374 324 spiritum
1402 248 1611 303 ducunt
1652 250 1928 325 aeremque
1967 250 2156 324 accipi-

343 333 447 377 unt
481 357 497 384 ,
520 318 631 393 sub
662 319 774 375 illis
796 319 998 390 finibus
1027 321 1282 388 habeant,
1312 340 1411 397 quo
1425 318 1490 395 se
1518 320 1786 397 Mephitis
1816 327 1959 380 vires
1987 363 2002 390 ,
2033 321 2106 381 ἔθ’
2137 360 2155 388 ‚

346 411 507 470 quam
534 392 786 462 sphaeram
815 395 1093 449 afflvitatis
1148 395 1336 453 dicunt
1368 436 1385 462 ,
1416 396 1762 449 extenderint
1792 434 1806 447 .
1847 404 2038 473 ltaque
2065 399 2155 454 bo.-

342 485 426 523 mo
458 504 472 531 ,
510 470 604 541 qui
644 467 799 539 stans
828 465 1101 548 rebiusque
1141 471 1201 526 in
1236 487 1291 524 eo
1315 465 1471 546 specu
1513 470 1665 524 vivit
1698 461 1967 541 &spirat
2005 474 2157 527 inno-

345 543 469 595 xius
510 576 526 604 ,
604 542 699 594 ille
747 540 845 617 ipse
863 539 929 610 st
959 552 1119 618 caput
1169 543 1442 618 demiserit
1490 544 1550 595 in
1597 557 1711 595 eam
1754 543 2108 598 altitudinem
2134 580 2154 607 ‚

341 617 402 669 in
431 629 591 687 quam
621 614 890 686 Mphitis
947 615 1145 689 exserit
1198 615 1307 693 st'fi'
1361 651 1379 678 ‚
1437 615 1677 667 animam
1727 611 1927 687 efflabit
1980 614 2156 689 iisdem

342 704 462 744 cum
475 684 850 761 ffimptomatis
880 720 895 746 ‚
921 704 1034 756 quae
1065 692 1126 743 in
1155 690 1375 742 canibus
1405 725 1420 751 ‚
1459 685 1636 742 aliove
1677 687 1999 742 animalium
2052 705 2161 741 eer-

345 777 466 817 nere
513 755 869 833 consuevimus
899 772 917 820 5
961 751 1080 829 solo
1113 754 1340 829 fortaffe
1398 754 1696 825 discrimine
1752 758 1846 814 vel
1893 760 2158 814 celerioris

345 832 522 888 obitus
552 868 567 895 ‚
593 828 693 886 vel
714 827 971 884 tardioris
1001 845 1020 892 ‚-
1049 823 1335 901 quodsane
1376 825 1658 902 discrimen
1697 829 1989 896 conjeeiare
2028 832 2157 886 licet

340 904 436 962 vel
470 920 502 957 a
542 903 764 975 corporis
769 899 1059 969 firmitate
1096 939 1115 966 ‚
1169 899 1267 956 vel
1289 915 1322 950 a
1343 894 1611 975 peculiari
1654 900 1882 970 quadam
1909 905 2161 974 constitu-

345 980 490 1033 tione
518 970 817 1048 hujusmodi
845 971 1132 1044 angoribus
1157 968 1482 1046 sustinendis
1530 968 1659 1042 plus
1701 967 1939 1040 minusve
1968 991 2163 1027 accom-

346 1049 582 1106 modata,
606 1042 879 1118 prcficifci.
912 1045 1012 1100 Hae
1041 1079 1056 1105 ,
1096 1045 1316 1109 ali-eque
1353 1041 1638 1117 complures
1679 1042 1820 1096 circa
1860 1041 2159 1115 Neapolim,

343 1129 505 1191 atque
543 1119 602 1172 in
638 1115 814 1171 variis
852 1114 1022 1189 Regni
1049 1114 1308 1191 partibus
1350 1133 1428 1169 me
1461 1115 1597 1169 bites
1645 1114 1782 1191 sunt
1822 1133 1839 1168 :
1896 1112 2160 1191 superque

340 1190 423 1245 his
447 1188 752 1263 permultas
791 1187 929 1242 alias
970 1199 1191 1243 notatas
1230 1206 1290 1243 ac
1331 1189 1390 1241 de
1414 1189 1615 1257 criptas
1655 1187 1900 1241 invenias
1940 1188 2007 1240 ab
2053 1187 2161 1243 Hi-

330 1261 547 1335 storicis
589 1272 753 1332 atque
807 1260 1179 1333 Geographis3
1220 1275 1350 1330 quas
1409 1259 1564 1311 habes
1605 1259 1748 1330 apud
1783 1260 2022 1314 citatum
2059 1259 2158 1313 Ca-

339 1345 507 1409 puam
534 1339 561 1399 <
572 1337 626 1397 1)
655 1371 668 1385 .
700 1333 763 1387 In
801 1332 939 1387 hanc
967 1346 1167 1405 quoque
1193 1327 1402 1400 claffi’m
1434 1325 1775 1400 accensentur
1807 1329 2018 1386 Averni
2035 1371 2047 1393 ‚
2075 1335 2161 1387 ita

342 1405 599 1481 appellati
631 1442 645 1469 ‚
682 1401 836 1478 quasi
854 1405 1019 1458 Aorni
1050 1406 1141 1467 (2)
1177 1421 1195 1470 ,-
1233 1404 1301 1472 st
1329 1402 1535 1473 quidem
1564 1402 1624 1455 ob
1662 1399 1967 1475 pestiferam
1999 1404 2162 1458 exha-

339 1479 623 1541 lationem,
652 1493 758 1552 qua
785 1478 948 1532 omnis
977 1476 1119 1531 circa
1149 1479 1243 1529 ae'r
1275 1472 1525 1545 inficitur
1557 1511 1570 1536 ,
1595 1491 1715 1530 aves
1745 1510 1761 1535 ,
1781 1473 1846 1540 st
1876 1493 1985 1547 quae
2000 1473 2156 1548 forte

339 1551 471 1605 illae
499 1546 814 1619 discurrant
843 1563 904 1604 ac
923 1545 1296 1623 pervellunt,
1325 1547 1580 1600 exanima:
1609 1546 1895 1601 concidunt
1922 1584 1945 1610 .,
1959 1550 2160 1622 statim

338 1634 505 1696 atque
518 1619 804 1692 subjerint
833 1659 849 1673 .

482 1693 584 1751 Sed
607 1705 675 1749 ut
701 1692 1082 1765 perspicuitati
1113 1733 1128 1760 ‚
1159 1710 1319 1771 quam
1325 1691 1466 1762 fieri
1491 1694 1722 1748 maxime
1740 1694 1949 1768 poterit
1977 1735 1995 1762 ,
2037 1693 2160 1768 stu·

337 1771 546 1827 'deamus
575 1786 593 1834 ς
649 1765 948 1837 Mephitim
975 1766 1196 1823 dicimus
1224 1767 1635 1842 exspirationem
1663 1769 1936 1840 quandam
1966 1804 1983 1831 ‚
2041 1784 2155 1840 quae

336 1861 440 1898 non
463 1852 659 1915 putore
686 1874 701 1900 ‚
731 1854 836 1890 non
863 1837 1037 1891 calore
1066 1877 1081 1902 ,
1110 1859 1213 1896 non
1226 1840 1460 1916 frigore,
1491 1839 1652 1893 nulla
1681 1839 2048 1914 deniquealia
2075 1856 2161 1892 ea-

337 1932 466 1970 rum
494 1949 510 1976 ‚
538 1906 773 1985 quaesub
786 1906 999 1982 sensum
1026 1910 1386 1986 aspeiiumque
1415 1912 1619 1965 cadunt
1651 1948 1667 1972 ‚
1705 1914 1981 1982 qualitate
2011 1933 2030 1980 ,-
2061 1911 2161 1989 sed

337 1989 399 2044 w·
429 1986 544 2039 alia
559 1979 778 2057 prorsus
808 1981 1019 2034 occulta
1048 2021 1066 2047 ‚
1098 1983 1374 2054 cauſj'aque
1414 1981 1725 2050 abstrusiore
1764 1983 1913 2037 illico
1953 1987 2164 2039 anima·

335 2058 477 2113 libus
491 2056 700 2127 juxta,
728 2046 1043 2120 &flammae
1071 2057 1234 2108 noxia
1266 2064 1429 2126 atque
1455 2052 1701 2105 exitialis
1730 2053 1931 2125 exsistit
1948 2091 1963 2117 ,
1994 2054 2155 2131 usque

334 2148 389 2186 eo
421 2168 437 2195 ,
465 2140 533 2184 ut
543 2125 610 2197 st
624 2122 731 2205 fax·
759 2123 882 2178 bene
910 2141 1107 2198 magna
1135 2127 1477 2197 vividiorque
1503 2126 1563 2178 in
1592 2125 1835 2198 mephitis
1842 2125 1985 2195 fines
2022 2124 2157 2198 infe„-

338 2215 512 2259 ratur
542 2237 557 2263 ‚
597 2209 765 2254 tanta
824 2196 1103 2252 celeritate
1158 2201 1530 2271 extinguatur
1557 2233 1574 2261 ,
1613 2210 1824 2270 quanta
1852 2236 1868 2263 ,
1900 2198 2070 2268 sicubi
2098 2201 2160 2256 iti

334 2291 534 2352 aquam
563 2269 913 2341 immergitur
942 2306 957 2332 ‚
986 2272 1243 2343 extingui
1253 2334 1259 2341 ·
1261 2268 1400 2342 solet
1430 2309 1444 2323 .

489 2344 764 2417 Mephites
794 2337 942 2415 hasce
980 2343 1221 2398 tradunt
1249 2342 1363 2397 illis
1393 2344 1453 2397 in
1479 2341 1605 2397 locis
1633 2344 1862 2416 reperiri
1890 2381 1908 2408 ,,
1965 2345 2156 2418 quibus

337 2417 684 2476 mineralium
712 2413 853 2485 copia
881 2412 1008 2482 insit
1067 2434 1083 2468 ε
1139 2417 1347 2489 ideoque
1378 2451 1393 2478 ‚
1414 2413 1479 2484 st
1520 2430 1626 2488 qua
1682 2417 1826 2488 regio
1882 2418 2154 2473 Vulcanos

336 2493 477 2547 ullos
505 2485 762 2544 babuerit
793 2522 809 2548 ,
835 2486 1047 2540 eandem
1078 2482 1149 2542 Εἴ
1175 2487 1422 2562 mephites
1438 2485 1751 2561 frequentes
1780 2487 2107 2545 babituram
2135 2527 2152 2558 ,

335 2567 527 2637 Itaque
553 2566 579 2625 <
607 2569 674 2612 ut
704 2557 818 2610 alia
846 2563 1127 2615 communis
1165 2561 1328 2632 hujus
1354 2558 1639 2633 sententiae
1669 2573 1998 2634 argumenta
2015 2573 2142 2636 pro-

338 2630 674 2709 bationisque
712 2642 981 2685 taceamus
1009 2637 1036 2697 )
1076 2633 1370 2706 pestilentes
1422 2635 1524 2688 bas
1579 2634 1953 2689 exhalationes
2008 2635 2156 2687 circa

338 2707 630 2783 Vesuvium
657 2701 776 2779 faepe
803 2713 1089 2774 compertas
1118 2704 1209 2778 effe
1236 2727 1252 2762 ε
1280 2723 1515 2783 quarum
1544 2704 1662 2758 aliae
1680 2717 1942 2782 perpetuae
1955 2704 2100 2779 sunt
2131 2739 2150 2769 ,

337 2779 653 2854 eundemque
709 2775 805 2831 vel
854 2775 1086 2853 efficacia>
1128 2782 1367 2854 gradum
1397 2815 1413 2845 ,
1444 2777 1542 2836 vel
1547 2775 1765 2847 finium
1799 2777 2005 2832 modum
2039 2773 2149 2851 ser·->

1890 2861 2035 2907 vant
2065 2872 2083 2906 ε
2134 2883 2137 2887 -

394 2931 461 2983 (1)
520 2928 573 2976 In
604 2925 860 2981 praefatione
893 2923 947 2968 ad
976 2925 1298 2981 Ditertationes
1330 2927 1383 2973 de
1412 2926 1653 2986 Mephitum
1676 2933 1842 2971 natura
1870 2955 1882 2969 .

395 2988 468 3040 (ι)
524 2983 577 3030 Id
607 2981 668 3029 est
698 2981 884 3028 Avibus
919 2982 1058 3040 infeJi
1093 2983 1182 3033 five
1202 2983 1291 3039 fine
1320 2984 1476 3032 avibus
1508 3017 1519 3029 .
