2373 3340
399 155 467 206 30
622 133 724 189 DE
776 133 1095 192 vesum
1146 131 1883 197 coNeLAGRATmNE

316 257 554 337 vfulmina
582 299 598 326 ‚
637 280 747 336 quae
766 262 971 339 serpere
999 267 1146 322 inter
1177 265 1334 323 nubes
1372 262 1550 339 solent
1579 305 1595 331 ‚
1635 279 1802 339 atque
1846 267 1946 324 hac
1989 266 2124 328 illae

316 334 548 390 turbato
585 335 998 413 rapidiffi'moque
1040 352 1191 395 motu
1233 337 1575 416 discurrere-3
1619 341 1723 408 nisi
1754 342 1899 412 quod
1942 344 2120 398 minor

316 407 600 483 aliquanto
612 408 808 488 fulgor
836 423 961 466 erat
988 450 1005 478 ‚
1029 412 1293 488 strepitus
1323 430 1449 470 vero
1483 414 1808 486 permodicus
1837 450 1852 476 ‚
1909 416 1996 467 ita
2027 428 2115 469 ta-

317 499 435 535 men
477 519 492 540 ‚
547 478 789 612 utgltis
819 486 965 541 clare
981 499 1081 561 per
1112 485 1275 542 nofft'is
1309 485 1596 555 silentium
1635 488 1788 540 inter
1832 487 2124 544 tenebrico-

303 550 431 629 sam
446 552 599 630 fami
663 580 680 592 ⁴
725 560 915 615 cineris
943 560 1226 634 caliginem
1258 558 1479 635 conspici
1508 575 1574 612 ex
1602 558 1735 614 arbe
1765 555 1875 628 ipsa
1898 559 2121 631 prffent,

314 623 387 683 δ’
415 645 542 685 vero
569 632 824 687 exaudiri
851 652 868 687 :
918 632 1114 709 fragor
1145 650 1270 690 vero
1301 650 1407 688 non
1437 633 1649 706 qualem
1677 633 1942 694 tonitrua
1970 635 2120 688 edere

301 698 481 776 solent
511 740 530 767 ,
573 715 676 756 aut
707 704 899 758 bellica
927 718 1205 762 tormenta
1235 706 1296 759 ob
1312 702 1541 780 sinuosos
1571 704 1798 760 nubium
1830 741 1844 765 ‚
1874 715 1976 757 aut
2006 717 2125 761 ter·

315 790 507 828 rarum
541 771 757 829 trattus
785 810 801 838 ,
831 773 1167 851 confraffium
1196 811 1211 834 ‚
1241 774 1314 828 ἔθ’
1335 778 1541 846 pluries
1574 777 1757 830 veluti
1789 777 2121 846 repetitum3

297 843 406 923 sed
439 848 532 920 qui
559 842 746 921 subito
773 883 789 909 ,
831 863 891 901 ac
924 859 1054 922 pene
1090 856 1350 899 momento
1386 843 1718 917 evanesceret
1751 887 1763 900 .
1804 849 1889 900 De
1917 844 2125 922 fulmi-

313 936 445 975 num
473 917 775 993 hujusmodi
803 916 1231 993 Vesuvianorum
1270 918 1332 972 vi
1372 929 1474 971 aut
1516 914 1784 989 cffiffiibus
1831 922 1985 976 nihil
2017 922 2118 976 ha-

311 990 494 1048 §tenus
519 997 578 1049 in
608 993 844 1046 aliorum
857 989 1083 1067 scriptis
1111 993 1333 1066 dignum
1362 992 1603 1045 occurrit
1625 1024 1639 1050 ,
1671 990 1810 1062 quod
1834 992 1918 1045 hic
1947 993 2116 1072 refer.

308 1078 475 1119 retur
515 1105 528 1119 .
583 1065 686 1118 Sed
709 1082 871 1135 neque
898 1064 1147 1121 Borellus
1177 1070 1236 1118 in
1264 1062 1486 1133 historia
1526 1100 1542 1125 ‚
1598 1078 1761 1136 quam
1791 1060 1997 1116 AEtnaei
2029 1071 2116 1119 in-

312 1136 485 1189 cendii
513 1137 645 1189 anni
684 1140 821 1202 1669
854 1132 1152 1209 conscripsit
1190 1173 1206 1199 ‚
1261 1136 1582 1190 mentionem
1609 1133 1788 1187 ullam
1805 1134 2120 1211 fulminum

295 1204 439 1283 fecit
469 1228 487 1275 3
517 1209 611 1263 vel
635 1206 775 1280 quod
801 1208 956 1260 nulla
986 1208 1064 1259 ihi
1092 1222 1332 1279 unquam
1345 1204 1576 1270 fuerint
1608 1224 1628 1268 ‚·
1659 1207 1755 1259 vel
1769 1209 1950 1277 potius
1980 1209 2122 1277 quod

310 1279 374 1333 ob
403 1280 687 1335 immanem
714 1277 868 1331 illius
891 1279 1088 1332 montis
1113 1276 1469 1331 altitudinem
1497 1277 1645 1330 cerni
1678 1292 1786 1329 non
1807 1282 2117 1348 potuerint,

310 1349 650 1425 evanescente
663 1350 878 1426 scilicet
909 1353 1059 1405 inter
1089 1351 1282 1405 nimias
1291 1349 1545 1419 flammas
1577 1348 1805 1402 illorum
1830 1347 2059 1423 fulgore
2087 1393 2103 1408 .

307 1421 582 1480 Meminit
615 1442 742 1481 vero
768 1421 959 1498 diſserte
988 1424 1202 1479 Plinius
1230 1460 1245 1486 ‚
1277 1421 1375 1476 ubi
1403 1422 1734 1481 incendium,
1767 1427 1854 1476 cui
1884 1422 2115 1500 ipsespe-

311 1497 496 1555 &ator
525 1495 789 1572 interfuit
826 1535 840 1560 ‚
867 1496 1115 1574 describit
1146 1520 1161 1551 ε
1192 1514 1317 1553 nam
1346 1513 1403 1550 eo
1418 1492 1664 1568 spectare
1693 1495 1919 1551 videtur
1950 1534 1962 1558 ‚
1995 1517 2118 1554 cum

311 1573 396 1625 ait
427 1572 618 1637 (1):ab
647 1572 817 1623 altero
848 1573 1011 1622 latere
1041 1571 1206 1621 nubes
1236 1581 1351 1619 atra
1380 1569 1429 1619 &
1460 1567 1878 1635 horrenda‚ignei
1911 1566 2116 1635 spiritus

305 1646 562 1712 porrefiis
606 1641 936 1714 vibratisque
974 1640 1287 1694 discursibus
1320 1653 1477 1708 rupta
1508 1675 1523 1701 ,
1566 1643 1613 1691 in
1657 1639 1837 1708 longas
1868 1637 2106 1695 flamma,

303 1730 431 1769 rum
464 1716 663 1789 figuras
691 1714 985 1767 dehiscebat
1032 1734 1045 1768 :
1089 1711 1385 1783 fulgoribus
1414 1712 1507 1765 issae
1534 1712 1580 1764 ὅ(
1614 1712 1795 1763 ssmiles
1835 1752 1852 1778 ‚
1913 1714 1962 1770 ἃ
2003 1732 2114 1767 ma..

301 1788 441 1851 jores
481 1827 494 1841 .
552 1787 798 1841 Ceterum
828 1786 968 1859 quod
991 1787 1224 1840 maxime
1251 1785 1474 1856 dignum
1504 1795 1806 1837 memoratu
1834 1784 1904 1855 est
1942 1824 1956 1849 ,
2003 1805 2109 1843 non

302 1864 450 1916 modo
479 1855 1022 1935 interrobscuriffimos
1049 1856 1202 1934 fumi
1238 1877 1266 1912 e
1298 1854 1659 1933 superioribus
1703 1862 1898 1912 montis
1925 1857 2108 1936 fauci-

305 1933 403 1988 bus
431 1928 760 2007 erumpentes
790 1930 1036 1985 turbines
1067 1935 1263 1986 micare
1279 1931 1530 2011 fulmina
1566 1927 1933 1986 cernebantur
1965 1952 1984 1998 ,·
2014 1930 2115 2005 fed

304 2008 454 2062 inter
482 2005 643 2083 ipsam
672 2019 872 2077 quoque
898 2019 965 2055 ex
993 2007 1140 2074 igneo
1168 2016 1418 2059 torrente
1446 2041 1462 2064 ‚
1493 2003 1702 2074 longius
1752 2012 1847 2074 per
1906 2010 2103 2061 montis

306 2079 511 2134 clivum
544 2078 809 2152 progrcffo
850 2113 864 2140 ,
887 2073 1205 2153 surgentem
1242 2077 1573 2149 caliginem5
1614 2090 1922 2145 quanquam
1960 2076 2102 2132 debi-

303 2153 448 2207 liora
479 2153 685 2225 alioqui
715 2187 729 2212 ‚
759 2145 832 2206 ἕξ
867 2151 1089 2203 rariora
1117 2187 1130 2200 .
1169 2143 1620 2224 Frequentiffima
1661 2141 1943 2219 observata
1956 2145 2104 2224 sunt

305 2228 364 2279 in
395 2224 497 2301 ipso
526 2223 754 2281 incendii
782 2221 981 2293 majore
1009 2220 1131 2295 aestu
1158 2240 1177 2289 ,-
1217 2238 1270 2276 eo
1307 2237 1436 2278 vero
1462 2216 1844 2297 defervescente
1870 2256 1886 2283 ,
1920 2225 2096 2278 minus

293 2294 620 2375 frequentia
650 2339 662 2351 .

453 2371 608 2427 Illud
640 2386 840 2444 quoque
877 2371 937 2424 in
966 2363 1186 2443 Vesuvii
1213 2372 1408 2427 montis
1430 2370 1498 2439 fi
1517 2386 1622 2425 non
1652 2365 1891 2421 omnibus
1924 2404 1937 2430 ‚
1980 2365 2099 2448 sal-

305 2460 417 2504 tem
445 2445 693 2499 maximis
723 2442 1010 2520 quibusque
1039 2445 1289 2498 incendiis
1317 2444 1552 2517 accidiffe
1590 2452 1835 2498 narrant
1875 2440 2093 2510 histori-

305 2522 355 2577 ci
385 2538 404 2586 3
445 2534 590 2572 mare
631 2513 841 2595 scilicet
882 2512 1116 2589 reccffffe
1146 2540 1164 2585 ,-
1205 2534 1266 2573 ac
1294 2537 1397 2574 non
1427 2519 1570 2573 modo
1602 2510 1757 2591 pisces
1789 2549 1801 2573 ‚
1859 2515 2093 2569 reductis

303 2595 364 2647 in
396 2593 580 2645 altum
612 2591 762 2662 aquis
793 2626 807 2652 ‚
852 2585 950 2668 sed
1002 2605 1161 2644 naves
1190 2609 1389 2662 quoque
1429 2590 1560 2666 ipsas
1607 2586 2000 2662 aliquantisper
2038 2591 2098 2642 in

284 2662 427 2735 ficco
462 2660 659 2735 haesz'ffe.
689 2662 828 2716 Idem
842 2663 955 2738 sua
983 2673 1140 2716 aetate
1171 2665 1304 2720 Tito
1333 2667 1626 2736 imperante
1646 2658 1879 2730 accidiſje
1905 2658 2097 2715 acrbior

304 2735 375 2810 est
404 2735 650 2802 Pliniu53
681 2735 814 2788 idem
844 2752 1071 2810 quoque,
1100 2741 1192 2808 qui
1220 2739 1457 2793 incendio
1485 2739 1619 2793 anni
1663 2742 1794 2799 1631
1832 2731 2093 2809 interfue-

304 2820 474 2871 rant,
502 2805 783 2882 scriptores
813 2820 1108 2863 memorant
1140 2850 1152 2862 .
1181 2810 1280 2867 Sed
1304 2811 1568 2884 quidquid
1587 2810 1699 2882 ejus
1728 2807 1809 2859 rei
1826 2803 1910 2874 stt
1939 2845 1957 2872 ,
1988 2819 2094 2862 aut

304 2897 620 2957 q<1aecunque
648 2876 947 2953 hujusmodi
975 2898 1244 2955 aquarum
1272 2885 1488 2956 recessus
1527 2880 1705 2954 cauffa
1745 2872 1929 2951 fuerit
1960 2918 1974 2939 ,
2034 2880 2097 2935 id

301 2967 445 3014 certe
475 2953 619 3009 nobis
647 2955 706 3009 in
735 2966 993 3030 comperto
1021 2952 1091 3030 est
1119 2993 1138 3024 ‚
1194 2975 1260 3016 ne
1310 2952 1593 3018 minimum
1629 2953 1837 3028 quidem
1865 2963 1965 3036 per
1992 2955 2083 3011 hoc

1941 3044 2024 3085 m·

360 3100 427 3157 (1)
481 3101 856 3165 libr.6.Epist.16,
