2373 3340
565 116 986 187 cAPuT
1084 124 1756 200 QnARTuM.
1913 143 1992 201 w

258 257 393 315 latis
426 291 441 320 ,
468 254 825 325 intelligimus
855 298 890 328 ‚c
893 252 1062 329 salem
1087 250 1451 328 Vesuvianum
1477 259 1795 316 thermomet
1805 262 1859 315 ri
1893 261 2063 334 liquo-

254 348 370 386 rem
407 325 686 398 decem&
727 328 838 382 olio
865 331 1020 384 lineis
1047 367 1064 392 ‚
1091 321 1589 401 idest-fisouspollice
1621 368 1634 393 ,
1654 343 1766 405 prae
1782 330 2064 405 solutione

251 401 543 459 communis
569 402 885 455 ammoniaci
911 440 929 468 ,
959 399 1183 471 dejeciffe
1211 439 1224 451 .
1275 397 1455 469 Atque
1484 413 1551 456 ut
1584 418 1644 453 ea
1673 402 1823 457 nobis
1847 406 2064 478 pericli·-

247 475 396 528 tatio
431 474 506 526 acl
529 471 763 547 amuffim
783 472 1080 543 procederet
1114 507 1130 535 ‚
1157 470 1468 526 curavimus
1500 507 1514 534 ‚
1553 484 1621 525 ut
1680 474 2062 531 tbermomctri

236 545 496 618 globulus
528 545 849 619 aliquandiu
878 561 1024 617 aquae
1060 579 1077 607 ‚
1126 560 1232 615 qua
1266 540 1580 615 solvendum
1604 541 1712 617 sal
1724 543 1874 622 foret
1906 585 1921 612 ‚
1961 552 2063 602 im-

245 616 444 692 mersus
473 616 596 689 effi’t
637 635 653 670 z
711 619 1021 688 intereaque
1034 613 1138 692 sal
1157 612 1325 690 ipsum
1352 617 1708 688 experimento
1737 621 2062 694 destinatum

244 691 305 744 in
333 690 501 743 eodem
532 687 1004 743 circumambiente
1032 691 1156 745 ae‘re
1193 688 1555 743 continuimus
1612 708 1628 743 ε
1687 695 1952 748 nimirum
1988 704 2058 747 ut

246 758 563 814 immutatio
592 794 605 819 ‚
638 775 748 830 quae
777 759 1161 813 tbermometro
1189 759 1368 812 deinde
1396 759 1661 833 accidfft
1677 766 1792 837 poli
1819 766 2060 818 solutum

228 828 400 907 salem
427 866 442 894 ‚
485 830 632 886 nulli
661 826 902 896 velfalis
939 865 954 892 ‚
1012 831 1109 886 vel
1141 845 1288 903 aquae
1315 866 1331 890 ‚
1391 832 1488 886 vel
1521 833 1867 902 instrumenti
1904 832 2059 905 iffius

240 903 537 959 conditioni
565 913 729 974 atque
759 899 1028 974 affiblioni
1068 939 1084 965 ‚
1130 899 1376 974 profeiiae
1404 917 1440 952 a
1468 903 1847 974 circumstante
1883 910 2005 961 ae're
2035 946 2052 971 ,

244 974 428 1031 tribui
447 970 613 1048 poffet
641 1011 654 1026 .
696 989 777 1040 13.
815 969 1110 1048 Vesuviani
1127 972 1261 1048 salis
1277 983 1444 1046 parte
1471 974 1532 1030 in
1555 975 1836 1048 pulverem
1876 983 2055 1038 extri-

244 1059 313 1102 ta
343 1083 359 1110 ,
388 1049 612 1118 niveque
641 1082 658 1109 ‚
693 1046 783 1101 cui
809 1061 906 1102 vas
936 1063 1082 1118 aquae
1102 1048 1322 1122 plenum
1349 1057 1472 1100 erat
1500 1047 1760 1119 injeiium
1801 1087 1817 1113 ,
1857 1050 2053 1127 insper-

227 1116 297 1195 fiz
324 1138 342 1186 3
375 1116 594 1191 valeque
620 1119 720 1173 illo
748 1119 916 1173 etiam
946 1131 1110 1192 atque
1137 1121 1307 1173 etiam
1336 1119 1583 1192 agitato,
1616 1131 1684 1173 tlt
1717 1131 1917 1194 praetc'r
1944 1142 2053 1180 1720-

236 1193 367 1245 dum
403 1187 764 1261 refrigesceret
803 1208 824 1250 ς
881 1206 1024 1256 aqua
1053 1191 1343 1260 gustatum
1371 1190 1577 1243 retulit
1608 1191 2012 1266 rnolcstffmurn
2038 1233 2058 1261 ,

220 1258 434 1342 salsum
464 1294 478 1319 ‚
517 1255 591 1315 Εἴ
606 1255 1011 1330 graveolentem
1040 1295 1054 1310 .
1110 1256 1318 1313 Deinde
1327 1256 1508 1325 simili
1536 1267 1876 1322 tentamento
1889 1265 2053 1340 saffo

237 1351 360 1391 cum
387 1332 565 1388 altero
592 1342 758 1386 tanto
786 1346 934 1402 aquae
962 1365 979 1392 ,
1007 1331 1154 1388 nivis
1183 1367 1199 1393 ‚
1234 1326 1464 1410 salffque
1490 1336 1778 1393 communis
1815 1355 1835 1407 ,-
1890 1340 2057 1396 nulla

225 1404 405 1483 firme
429 1401 630 1481 saporis
660 1403 976 1478 depravatio
1003 1419 1070 1457 ex
1094 1404 1226 1479 salis
1253 1417 1365 1472 ejus
1395 1402 1601 1475 injectu
1627 1407 1938 1482 deprebensa
1967 1413 2057 1486 cst.

244 1496 332 1544 14.
357 1474 479 1551 sale
517 1475 819 1551 Vesuviano
847 1474 970 1538 boc,
1010 1494 1162 1550 quem
1193 1495 1220 1531 e
1243 1474 1607 1550 fumantibus
1636 1486 1904 1538 torrentis
1937 1485 2057 1542 bia·

235 1551 386 1607 tibus
415 1551 795 1621 collegeramus
821 1584 838 1610 ‚
894 1547 1157 1624 cum-sale
1185 1550 1287 1604 illo
1325 1585 1342 1612 ,
1396 1552 1492 1622 qui
1531 1569 1558 1603 e
1576 1552 1854 1622 similibus
1880 1568 2058 1635 perpe-

235 1625 351 1680 tuis
381 1623 507 1676 Pori
542 1621 773 1675 Vulcani
836 1623 1145 1692 vaporat-iis
1173 1621 1294 1696 defu
1305 1633 1452 1676 mtus
1487 1619 1684 1698 fuerat
1713 1661 1730 1688 ‚
1760 1632 1936 1686 variis
1963 1648 2056 1685 ex-

230 1696 547 1772 perimentis
578 1692 779 1750 collato
821 1728 837 1756 ,
897 1694 1181 1748 intellecta
1212 1695 1358 1750 nobis
1385 1695 1491 1749 baec
1511 1692 1648 1768 funt
1676 1732 1693 1760 ‚
1722 1712 1888 1772 atque
1921 1721 2053 1758 com-

225 1779 390 1842 perta
421 1807 434 1822 .
495 1785 539 1822 1.
572 1764 890 1844 solutionem
920 1766 1212 1822 Puteolani
1239 1766 1374 1847 salis
1406 1768 1698 1840 gallorum
1738 1770 1913 1846 infuso
1952 1780 2056 1830 mi-

220 1839 369 1914 stam
392 1876 408 1902 ,
437 1836 800 1896 rubicundum
829 1838 1037 1912 quidem
1067 1877 1080 1902 ‚
1108 1851 1172 1893 at
1182 1836 1573 1917 subobseurum
1588 1879 1604 1906 ‚
1633 1843 2052 1923 dilutioremque

235 1913 462 1969 colorem
489 1916 782 1980 inducere3
850 1907 1146 1984 Vesuviani
1201 1926 1386 1968 autem
1432 1910 1901 1987 subrubicundum
1930 1923 2054 1994 qui-⁴

234 1985 346 2038 dem
376 1987 543 2042 etiam
572 2024 588 2051 ‚
631 1981 731 2061 sed·
756 1985 1040 2056 aliquanto
1096 1988 1418 2040 vividiorem
1459 2022 1472 2039 .
1540 2006 1592 2042 2.
1630 2001 1894 2047 neutrum
1922 1995 2048 2049 illo-

236 2073 366 2112 rum
377 2054 592 2130 salium
622 2057 876 2111 cbartam
904 2053 1184 2109 caeruleam
1210 2054 1379 2112 rubro
1408 2057 1576 2112 colore
1606 2057 1817 2128 inficere
1846 2103 1858 2116 .
1893 2082 1937 2129 3.
1959 2063 2051 2139 fa-

236 2127 340 2180 lem
379 2125 743 2205 Vesuvianum
755 2123 1011 2200 solutum
1049 2161 1067 2189 ‚
1123 2128 1231 2182 oleo
1268 2165 1284 2193 ‚
1339 2125 1612 2205 infusoque
1639 2133 1797 2188 calcis
1823 2143 2048 2195 tartari

233 2199 516 2274 admistum
544 2237 561 2266 ,
583 2201 757 2274 primo
786 2199 1003 2254 nullum
1016 2196 1260 2273 fervoris
1287 2203 1546 2264 indicium
1574 2205 1720 2258 edere
1746 2226 1762 2261 ε
1803 2210 1916 2283 post
1942 2230 2052 2266 me-

233 2272 378 2328 diam
404 2271 521 2348 fere
557 2275 747 2330 boram
778 2308 794 2335 ‚
833 2272 1039 2345 liquore
1066 2273 1337 2330 turbante
1364 2312 1381 2340 ,
1409 2274 1732 2349 tenugffimos
1768 2285 1937 2339 crocei
1965 2302 2046 2340 co·

232 2345 365 2401 loris
395 2345 551 2421 quast
572 2347 762 2420 floccos
799 2344 1053 2400 exhibere
1109 2367 1127 2402 ε
1188 2347 1325 2402 idem
1363 2352 1787 2423 experimentum
1827 2374 1946 2410 cum
1985 2359 2048 2414 in

232 2418 534 2475 Puteolano
558 2418 684 2495 sale
706 2415 1004 2491 fecissemus
1038 2456 1053 2481 ‚
1080 2419 1244 2495 plane
1283 2421 1421 2477 idem
1450 2420 1524 2494 est
1560 2421 1789 2497 effectus·
1813 2426 2050 2503 consecu-

234 2499 328 2544 tus
357 2509 374 2556 ς
405 2490 511 2559 nist
531 2491 672 2565 quod
696 2493 875 2567 liquor
902 2494 1067 2547 omnis
1095 2492 1418 2550 albocolore
1454 2496 1665 2551 tinctus
1705 2498 1911 2557 leviter
1929 2500 2047 2573 stt,

230 2564 441 2637 imoque
477 2561 600 2636 vase
627 2575 757 2639 pars
795 2566 1026 2639 quaedam
1054 2562 1401 2643 faculentior
1440 2567 1702 2642 resederit
1741 2611 1756 2625 .

389 2635 461 2690 Ut
493 2648 676 2692 autem
694 2650 860 2711 porro
877 2642 1205 2713 partitionis
1246 2640 1431 2712 nostrae
1469 2643 1677 2697 modum
1717 2658 1999 2704 teneamus
2027 2686 2046 2717 ,

229 2707 291 2764 id
314 2705 650 2782 bicsupercst
677 2727 846 2766 unum
874 2751 890 2773 ,
928 2725 994 2766 ut
1025 2714 1083 2768 de
1114 2716 1352 2767 maxima
1373 2726 1536 2790 parte
1583 2753 1600 2781 ‚
1655 2733 1766 2791 quae
1793 2736 1860 2773 ex*
1886 2720 2048 2792 Vesu-

183 2785 186 2788 ’
231 2783 401 2838 viana
433 2781 773 2838 eruHatione
799 2784 1008 2841 reliaua
1037 2785 1107 2858 est
1131 2786 1238 2861 post
1265 2787 1572 2844 dem-auam
1602 2791 1661 2844 ia
1687 2808 1833 2847 omne
1859 2832 1874 2858 ,
1908 2795 2048 2866 quod

228 2853 435 2929 salibus
466 2890 482 2919 ‚
527 2852 794 2930 sulphure
823 2894 838 2920 ‚
878 2845 1100 2935 a'liisque
1130 2861 1481 2916 mineralibus
1510 2863 1769 2919 haetenus
1796 2865 2040 2940 expositis

232 2927 549 3001 continetur
569 2964 586 2994 ‚
615 2926 925 3002 differamus
951 2949 968 2986 ε
996 2933 1261 2989 nimirum
1290 2933 1348 2986 de
1376 2934 1542 3011 maffa
1571 2936 1678 2992 illa
1706 2939 1911 3012 lapidea
1942 2940 2039 2995 du-

1189 3003 1244 3063 K
1318 3027 1354 3064 2
1831 3007 1967 3086 rg'ffi·
