2373 3340
419 170 491 219 54
644 146 750 202 DE
801 143 1118 203 VESUVII
1171 142 1901 213 CONFLAGRATIONE

348 285 539 351 Itaque
577 278 670 349 qui
700 273 1014 352 propositam
1055 275 1317 332 rationem
1355 274 1632 350 differendi
1656 280 1934 360 subsistere
1961 281 2105 340 velit
2135 319 2151 347 ‚

348 355 410 408 id
420 349 535 417 sibi
572 345 670 427 ipse
691 347 884 427 sumat
914 347 1095 422 neceffi’
1126 347 1198 421 cst
1234 387 1250 414 ,
1308 351 1678 423 liquiditatem
1715 370 1991 431 corporum
2029 367 2153 431 quo·

346 441 678 498 rumcunque
706 423 773 477 ab
800 425 920 496 igne
939 421 1233 499 profectam
1259 461 1275 488 ,
1305 423 1454 498 ipsius
1488 426 1625 496 ignis
1655 431 1870 501 energiae
1910 425 2153 501 examus-

331 500 438 571 sim
469 494 765 574 respondere
802 517 819 552 ε
855 497 917 551 id
941 498 1077 574 quod
1101 495 1172 569 est
1205 499 1473 554 enimvero
1496 492 1866 574 falsg'ffimum.
1902 503 2010 556 Illa
2038 493 2151 557 it'a-

345 589 445 647 que
474 571 877 646 argumentatio
904 584 1027 626 tum
1039 567 1210 646 suum
1245 583 1519 645 utcunque
1555 573 1729 628 locum
1767 570 2037 628 habitura
2078 570 2149 647 ef·

340 645 422 722 set
443 681 459 708 ,
486 663 606 699 cum
635 640 935 715 observatio
964 658 1128 720 atque
1156 644 1577 718 experimentum
1604 649 1662 701 in
1689 645 1981 699 materiam
2010 648 2156 719 igni-

346 732 466 776 tam
505 751 521 779 ‚
561 733 670 790 quae
701 718 760 769 in
796 719 898 767 imo
936 730 1184 770 torrente
1220 713 1480 791 delitescit
1508 755 1524 780 ,
1561 718 1741 774 cadere
1770 715 1936 789 posset
1977 737 1996 785 3
2038 734 2151 790 quae,

347 789 595 848 videlicet
627 788 791 842 omnis
817 780 930 857 fere
946 785 1078 858 pari
1106 793 1319 837 natura
1341 783 1570 853 p'raedita
1599 788 1669 857 cst
1700 824 1714 850 ‚
1747 791 1973 860 parique
2010 790 2156 844 indo·

347 863 399 917 le
428 881 447 928 3
487 871 590 915 aut
619 871 761 916 certe
777 858 1044 927 sincerior
1071 894 1089 922 ‚
1143 850 1409 929 magisque
1445 854 1762 927 impermista
1817 861 1888 932 est
1915 895 1932 924 ,
1987 877 2152 935 quam

345 946 528 992 cetera
546 929 846 1009 superficies
899 950 918 998 3
973 946 1085 1004 quie
1112 929 1420 1002 plurimum
1459 944 1744 982 numerum
1782 931 1941 985 babet
1979 935 2159 989 diver-

336 1005 525 1088 soram
554 1018 768 1062 natura
796 1042 812 1068 ,
842 1015 1174 1078 compageque
1194 999 1465 1077 saxorum
1493 1036 1510 1064 ,
1539 1000 1728 1074 qualia
1755 1014 1929 1076 nempe
1942 1002 2155 1074 fortui-

342 1093 406 1139 to
443 1076 661 1150 occursu
676 1075 986 1147 fluentibus
1024 1071 1365 1128 torrentibus
1406 1085 1764 1128 accreverunt
1790 1110 1805 1124 .
2137 1066 2156 1079 ”

491 1148 665 1206 Porro
720 1164 831 1221 quae
884 1143 1137 1201 hailenus
1191 1143 1251 1199 cle
1293 1144 1698 1217 incomparabili
1735 1147 2037 1219 ignitorum
2063 1146 2155 1203 bo-

343 1237 528 1283 rumcc
544 1221 849 1295 fluminum
874 1218 1048 1272 calore
1078 1216 1222 1268 dii-‘Za
1241 1214 1417 1287 sunt,
1447 1215 1783 1287 rationesque
1818 1234 1883 1270 eae
1909 1254 1925 1279 ‚
1954 1220 2150 1291 quibus

341 1311 405 1352 ea
434 1330 452 1358 ‚
509 1309 619 1365 quae
648 1288 938 1346 dicebamus
967 1324 983 1350 ,
1051 1283 1364 1354 coiffirmare
1403 1284 1579 1354 adnisi
1599 1283 1782 1359 fumus
1809 1325 1826 1353 ‚
1883 1290 1944 1343 id
1977 1294 2147 1347 etiam

320 1366 505 1442 stmul
526 1360 732 1436 eviciffe
764 1362 940 1418 videri
956 1357 1176 1435 poſj'unt
1205 1378 1224 1427 3
1256 1361 1427 1430 ignem
1454 1357 1621 1422 bunc,
1664 1359 1761 1414 vel
1781 1361 2009 1418 calorem
2029 1360 2154 1438 sal-

341 1454 456 1500 tem
483 1476 499 1503 ‚
557 1439 648 1513 qui
688 1436 976 1494 materiam
1035 1432 1192 1487 illam
1247 1429 1416 1506 semel
1462 1434 1803 1506 occupaverit
1844 1472 1860 1499 ,
1917 1439 2152 1492 maxime

338 1515 676 1571 'diuturnum
704 1546 720 1572 ,
750 1525 810 1565 ac
837 1503 1306 1581 constantiffimum
1331 1501 1425 1574 effi:
1452 1502 1648 1559 debere.
1670 1501 1870 1581 Qippe
1897 1508 2001 1569 baec
2030 1511 2153 1565 tria

332 1586 636 1661 plerunque
665 1582 995 1634 conveniunt
1035 1613 1049 1640 ‚
1086 1588 1252 1648 atque
1279 1590 1348 1627 ex
1391 1589 1535 1652 aequo
1572 1591 1910 1632 concurrunt
1940 1598 1957 1631 ε
1996 1596 2150 1634 mora

341 1668 508 1729 atque
547 1648 845 1709 obluelatio
875 1649 1197 1723 concipiendo
1225 1647 1344 1720 igni
1370 1665 1390 1713 3
1444 1643 1667 1721 ejusdem
1707 1644 1879 1722 fi’mel
1912 1652 2148 1722 concepti

340 1731 428 1786 vis
456 1738 621 1800 atque
648 1720 905 1799 efficacia3
934 1720 1141 1795 obnisus
1168 1722 1416 1782 tandem,
1446 1733 1507 1773 ac
1535 1724 1851 1793 repugnatio
1879 1728 2156 1780 excutien-

341 1802 406 1860 do
447 1798 780 1867 exuendoque
817 1797 932 1867 igni
961 1832 974 1857 ,
996 1797 1091 1868 qui
1117 1795 1408 1848 materiam
1418 1786 1593 1864 st’mel
1615 1799 1982 1869 occupaverit.
2012 1794 2152 1874 Qi-

340 1875 438 1931 bus
477 1874 563 1931 ita
585 1867 917 1941 constitutis,
946 1867 1098 1922 baud
1120 1879 1315 1920 temere
1342 1865 1812 1940 affirmaverimus,
1850 1883 2152 1925 extremam

340 1945 678 2002 torrentium
709 1942 1012 2012 ignitorum
1041 1941 1278 1994 materiae
1287 1937 1633 2011 soliditatem
1661 1976 1677 2002 ‚
1714 1940 1906 1995 multis
1935 1940 2149 2016 insuper

344 2013 621 2089 variisque
657 2012 1008 2067 mineralibus
1035 2050 1052 2075 ,
1075 2009 1291 2083 salibus
1325 2046 1340 2072 ,
1376 2012 1646 2064 bitumine
1675 2047 1690 2073 ,
1739 2009 1999 2086 fitqoehure
2027 2030 2148 2068 con-

340 2100 575 2155 cretam,
594 2102 696 2141 non
725 2085 840 2146 vim
868 2084 1012 2138 modo
1040 2082 1359 2138 acerrimam
1397 2078 1715 2155 Wsuvianis
1743 2085 1955 2156 ignibus
1997 2085 2149 2139 adde-

341 2180 403 2220 re
430 2202 447 2228 ,
502 2158 592 2243 (ed
615 2153 687 2213 Εἰ
714 2156 1074 2213 incredibilem
1112 2155 1549 2209 diuturnitatem
1588 2157 1902 2229 ingenerare
1926 2197 1939 2211 .
1995 2158 2146 2216 Huic

338 2248 525 2294 autem
552 2230 1019 2304 argumentationi
1057 2222 1381 2298 obfi’rvatio,
1410 2239 1574 2300 atque
1601 2244 1681 2280 res
1710 2226 1818 2301 ipsa
1842 2230 2003 2304 plane
2031 2247 2150 2285 con·

345 2308 523 2371 venit.
550 2304 702 2367 ,Nam
730 2320 833 2360 non
862 2302 1005 2361 modo
1035 2301 1417 2373 decimoquinto
1437 2297 1547 2375 post
1576 2299 1829 2371 majorem
1857 2302 2149 2374 corfflagra-

340 2383 544 2437 tionem
581 2379 663 2437 die
684 2372 869 2448 scrobs
897 2374 1085 2428 ardens
1121 2374 1243 2428 duos
1258 2370 1380 2448 fere
1398 2373 1601 2447 palmos
1632 2373 1786 2427 altus
1815 2410 1833 2438 ,
1873 2387 1943 2429 ut
1968 2374 2151 2452 supra

335 2449 634 2533 scripsimus
666 2484 680 2511 ,
699 2449 899 2520 procul
923 2463 955 2498 a
968 2444 1230 2523 scatebra·
1258 2455 1389 2502 ortu
1417 2457 1654 2520 repertus
1671 2442 1797 2522 fuit
1830 2466 1846 2501 :
1858 2445 1963 2520 fi’d
1983 2451 2152 2502 etiam

332 2524 448 2602 post
463 2524 585 2603 fere
627 2514 1023 2598 sesquimensem
1051 2556 1066 2583 ,
1123 2532 1279 2595 operae
1305 2556 1321 2583 ‚
1363 2537 1472 2592 quae
1501 2518 1660 2594 Regio
1686 2517 1843 2592 juſju
1873 2519 2150 2594 publicam

341 2602 494 2659 viam
520 2607 769 2652 torrente
798 2597 1054 2671 oppletam
1083 2605 1244 2668 atque
1280 2594 1631 2666 interceptam
1659 2605 1904 2666 purgare
1943 2592 2145 2667 expedi-

339 2686 503 2742 reque
532 2667 925 2733 moliebantur,
968 2665 1192 2739 dcss'stere
1221 2664 1288 2719 ab
1315 2666 1533 2738 incoepto
1570 2664 1754 2722 coait'ae
1774 2666 1911 2742 funt
1950 2684 1968 2731 3
2017 2675 2144 2736 pro-

333 2754 527 2818 pterea
559 2779 574 2806 ,
635 2742 772 2813 quod
791 2741 1106 2795 interiorem
1135 2739 1353 2812 maffam
1380 2744 1678 2794 etiamnum
1700 2743 1958 2796 calentem
1980 2733 2145 2810 usque

342 2833 396 2870 eo
426 2851 440 2876 ‚
479 2828 546 2870 ut
578 2811 1010 2889 &ferramenta
1049 2814 1401 2869 mollirentur
1433 2852 1446 2875 ,
1504 2831 1730 2886 quorum
1766 2822 1886 2885 opus
1924 2806 2146 2887 ususque

342 2899 466 2944 erat
499 2925 514 2950 ‚
580 2887 1032 2967 deprehenderunt
1074 2925 1085 2937 .
1139 2887 1306 2950 Facit
1348 2889 1513 2941 etiam
1571 2885 1720 2939 illud
1739 2903 1756 2938 ε
1802 2895 2002 2965 quarto
2033 2879 2145 2955 pol?

341 2963 668 3037 ‘’i'lisstl'anm
723 2956 887 3037 meast
915 2955 1097 3036 pqffim
1133 2980 1160 3017 e
1197 2972 1440 3034 torrente
1470 2956 1653 3037 spiffos
1707 2957 2138 3030 continentesque

1990 3045 2079 3085 ea-
