2373 3340
509 161 930 222 CAPUT
1026 158 1700 233 QuARTuM;
1849 172 1918 230 ω

202 293 453 371 majorim
480 292 541 348 in
572 293 779 346 modum
808 329 824 356 ‚
851 302 1158 363 acuuntque
1189 327 1202 341 .
1243 288 1299 344 E
1289 290 1387 361 jus
1404 295 1615 361 generis
1631 290 1771 367 sunt
1804 297 1995 350 metal-

201 374 263 427 la
293 391 314 437 ‚-
355 366 498 439 sales
527 382 726 440 quoque
752 406 769 432 ‚
802 382 863 419 ac
880 369 1102 435 pingues
1142 365 1396 424 materia,
1430 359 1501 417 &²
1527 363 1832 419 bitumineae
1863 390 1876 421 :
1918 368 2000 420 de-

209 438 543 508 murnstlices
583 475 596 501 ‚
630 437 908 512 siquando
947 431 1244 502 eandefiant
1285 471 1301 497 ,
1358 435 1532 507 ignem
1561 438 1726 490 etiam
1758 437 1994 512 efficiunt

203 508 709 585 vehementiffi'mum
738 549 750 561 .
778 507 884 563 His
916 517 1101 561 autem
1129 506 1367 564 omnibus
1395 505 1542 574 ,sive
1563 519 1783 580 propter
1806 510 2006 581 salium

198 588 398 660 copiam
428 622 443 648 ‚
471 583 662 656 quibus
674 578 1024 656 fiatet3stve
1053 583 1219 652 magis
1241 592 1461 655 propter
1488 592 1675 634 artam
1686 577 2007 657 spiffamque

197 657 631 732 constitutionem
657 690 675 717 ,
716 651 970 726 accenseri
985 647 1160 727 facile
1189 658 1410 710 vitrum
1424 653 1598 727 potest
1625 673 1644 719 ‚-
1683 654 2008 725 quodficubi

195 743 415 785 eatenus
441 722 675 800 ignescat
705 761 719 785 ‚
750 736 818 777 ut
850 724 1094 790 liquefiat
1125 761 1141 784 ‚
1170 729 1398 778 calorem
1425 727 1575 795 longe
1602 726 2009 804 efficacffmum

195 801 437 872 adsciscit
466 793 538 853 &
568 798 792 867 concipit
828 835 841 846 .
896 792 1199 864 ,Neecffario
1256 797 1443 868 itaque
1480 796 1858 871 affirmandum
1886 798 1957 866 est
1990 831 2008 859 ‚

194 872 491 946 Vesuviani
520 870 658 943 ignis
691 867 978 920 materiam
1004 868 1100 921 vel
1122 868 1456 921 metallicam
1484 871 1578 940 ‘ff'
1607 905 1622 932 ‚
1650 870 1746 925 vel
1760 867 2004 944 saxeam,

195 937 293 1004 'vel
314 945 584 1002 vitream,
614 939 709 994 vel
732 938 1084 994 mineralibus
1116 938 1590 1010 inflammabilibus
1615 936 1814 1018 foeta‘m
1844 962 1860 998 ε
1904 952 2011 996 aut

196 1027 516 1074 memoratas
547 1012 642 1066 has
670 1029 751 1064 res
779 1011 853 1064 ad
884 1027 998 1063 eam
1027 1011 1351 1081 conflandam
1380 1012 1474 1066 vel
1499 1015 1790 1069 nonnullas
1823 1018 1961 1072 coire
1987 1017 2010 1078 ,⁸

200 1090 298 1147 vel
311 1087 472 1160 plane
502 1083 780 1160 universas
810 1125 824 1138 .
851 1082 970 1138 Solo
997 1095 1178 1137 autem
1206 1083 1428 1136 metallo
1456 1085 1707 1156 constare,
1738 1087 2015 1163 affirmare

198 1178 306 1217 non
334 1156 558 1224 ausimus
587 1176 603 1209 ε
625 1160 801 1227 primo
829 1198 846 1221 ,
867 1168 1149 1226 propterea
1177 1156 1318 1226 quod
1343 1157 1694 1212 metallorum
1723 1161 1917 1231 generi
1946 1172 2013 1212 eas

200 1229 434 1288 conditio
461 1261 477 1286 ‚
505 1238 669 1296 atque
698 1225 894 1275 indoles
927 1225 998 1295 est
1021 1261 1037 1285 ‚
1094 1237 1163 1277 ut
1194 1227 1382 1276 cedant
1407 1225 1573 1297 facile
1591 1231 1862 1300 gravibus
1891 1229 2019 1283 icti-⁴

198 1300 297 1358 bns
327 1335 344 1362 ‚
373 1307 537 1370 atque
565 1288 910 1367 obsecundent
930 1296 1114 1370 potius
1132 1331 1146 1356 ‚
1177 1312 1338 1369 quam
1353 1291 1712 1372 frangantur
1750 1321 1766 1356 ε
1796 1318 2017 1376 eamque

201 1372 266 1429 ob
293 1388 406 1426 rem
446 1366 804 1423 M‘alleabilia
833 1365 926 1441 effe
952 1369 1218 1424 dicantar
1248 1407 1262 1419 .
1294 1371 1359 1424 Id
1383 1387 1509 1427 vero
1551 1375 1610 1428 in
1652 1377 1884 1430 materia
1915 1377 2022 1430 bac

200 1441 507 1516 Vesuviana
533 1456 638 1495 non
675 1439 885 1496 obtinet
916 1461 935 1509 ς
966 1461 1077 1516 quae
1107 1441 1315 1496 malleis
1353 1479 1370 1506 ‚
1409 1440 1603 1519 aliisve
1644 1449 2024 1521 instrumentis

194 1511 508 1593 graviffi'me
538 1512 648 1566 iiia
680 1550 696 1576 ‚
725 1511 948 1585 consistit
981 1513 1368 1588 nihilosecius,
1393 1516 1630 1591 ifft‘usoue
1651 1520 1911 1593 sustinet3
1953 1528 2027 1576 ut

204 1600 336 1645 ante
355 1585 553 1658 frangi
584 1596 746 1658 atque
774 1588 1060 1640 comminui
1088 1622 1103 1648 ‚
1133 1601 1293 1659 quam
1309 1588 1466 1657 fleiti
1496 1587 1568 1645 ξεῖ
1595 1592 1814 1664 distendi
1839 1589 2022 1665 poffz't.¹

201 1660 368 1732 Qod
391 1670 574 1711 autem
605 1658 890 1711 Bocconius
917 1664 944 1723 (
964 1674 982 1710 1
1006 1668 1033 1722 )
1059 1660 1119 1714 in
1148 1656 1358 1734 epistola
1385 1660 1461 1713 ad
1483 1663 1749 1718 Abbatem
1780 1664 2018 1719 Bourde-

206 1735 385 1788 lotum
413 1728 545 1783 data
576 1731 635 1783 de
664 1728 900 1784 incendio
931 1727 1119 1788 AEtnae
1147 1767 1163 1795 ‚
1204 1727 1276 1785 ἔθ’
1303 1730 1496 1802 rursus
1523 1736 1884 1792 Bourdelotus
1918 1732 2019 1810 ipse

211 1801 465 1861 :Bocconio
503 1820 623 1856 cum
681 1798 933 1874 rescribit
961 1841 978 1868 ,
1033 1805 1324 1859 materiam
1353 1804 1629 1861 AEtnaeam
1667 1808 1826 1862 illam
1857 1810 2022 1883 plane

207 1874 524 1933 metallicam
554 1876 802 1929 dixerint
834 1913 848 1938 ‚
889 1894 1096 1932 movere
1135 1894 1226 1932 nos
1290 1880 1508 1934 minime
1538 1879 1687 1935 debet
1728 1903 1746 1937 .·
1802 1899 1921 1936 cum
1961 1882 2022 1935 in

206 1966 327 2019 eam
349 1940 690 2021 sententiam
717 1947 929 2003 indubii
958 1950 1258 2005 videantur
1296 1950 1391 2023 effi’
1425 1988 1442 2014 ,
1502 1951 1789 2008 Bocconius
1819 1955 2027 2030 quidem

210 2021 476 2093 nonsatis
512 2031 773 2074 accurata
803 2022 884 2071 rei
922 2020 1328 2085 consideratione
1351 2041 1374 2088 ‚-
1416 2022 1565 2078 alter
1596 2040 1722 2079 vero
1751 2042 1805 2081 eo
1835 2064 1850 2090 ‚
1889 2025 2032 2099 quod

214 2110 326 2148 rem
357 2087 604 2166 e'ufinodi
635 2105 913 2162 nunquam
951 2106 1129 2144 coram
1165 2094 1412 2149 intuitus
1441 2130 1457 2158 ,
1522 2095 1864 2174 rimatusque
1882 2098 1967 2170 sit
2012 2138 2027 2154 .

214 2164 337 2223 Rur
362 2180 453 2215 um
481 2179 570 2217 nec
591 2159 719 2232 solis
749 2161 1101 2217 mineralibus
1141 2201 1157 2228 ‚
1185 2182 1296 2239 quae
1332 2167 1504 2239 ignem
1543 2172 1850 2245 concipiunt
1891 2211 1905 2236 ‚
1936 2189 2022 2226 sa-

213 2236 356 2291 libus
386 2271 402 2299 ‚
424 2232 693 2310 sulphure
723 2271 739 2297 ‚
782 2234 1114 2290 bitumineve
1144 2251 1443 2294 concretarn
1473 2238 1566 2312 effe
1584 2245 1970 2316 putaverimus
1999 2264 2016 2301 ε

211 2325 342 2365 nam
373 2324 463 2362 nec
490 2321 736 2362 extrema
774 2308 1000 2362 durities
1030 2345 1045 2370 ,
1087 2326 1177 2364 nec
1233 2312 1479 2366 immanis
1508 2318 1774 2386 gravitas
1805 2355 1820 2380 ‚
1865 2335 2030 2389 quam

215 2383 277 2437 in
306 2383 641 2436 torrentium
680 2379 903 2452 istorum
929 2383 1162 2437 materia
1193 2381 1527 2459 observamus
1557 2423 1575 2450 ,
1634 2405 1753 2442 cum
1776 2387 2021 2467 salium,

214 2453 489 2526 sulphuris
528 2491 544 2517 ‚
601 2467 704 2509 aut
744 2453 1026 2508 bituminis
1068 2466 1278 2510 natura
1317 2460 1601 2513 convenire
1641 2462 1758 2515 ullo
1796 2474 2026 2536 tempore

213 2526 380 2602 potest
410 2564 422 2576 .
454 2528 697 2598 Denique
707 2526 772 2597 st
784 2524 1003 2601 saxeam
1031 2530 1401 2584 tantummodo
1442 2568 1456 2593 ‚
1496 2532 1592 2588 vel
1615 2537 1856 2590 vitream
1887 2539 2027 2591 hanc

218 2600 510 2653 materiam
525 2598 812 2671 fecerimus
841 2641 856 2665 ‚
897 2614 1039 2658 certe
1084 2620 1172 2657 nec
1213 2604 1562 2658 metallorum
1599 2606 1838 2683 cujufiyis
1867 2627 2024 2682 gene-

219 2671 330 2734 ris,
356 2688 445 2726 nec
458 2668 670 2745 salium
688 2677 995 2747 particulas
1024 2679 1083 2732 in
1111 2677 1192 2731 bis
1218 2679 1560 2733 torrentibus
1576 2715 1591 2743 ‚
1614 2698 1740 2753 quas
1771 2686 2027 2745 videmus,

221 2744 367 2799 ullas
401 2745 696 2800 videremus
729 2765 744 2800 ε
782 2766 942 2822 neque
980 2762 1097 2805 tam
1136 2767 1328 2824 magna
1368 2754 1781 2827 circumquaque
1794 2755 2027 2831 sulphu-

221 2819 298 2872 ris
327 2819 469 2890 copia
499 2831 777 2893 appareret
805 2840 824 2887 3
883 2839 986 2896 qua
1015 2834 1185 2898 nempe
1216 2821 1538 2898 potcffimum
1558 2823 1643 2895 fit
1673 2865 1687 2889 ‚
1749 2843 1817 2885 ut
1858 2827 2025 2881 bodie·

223 2907 321 2964 que
349 2930 367 2958 ‚
400 2893 588 2946 multis
610 2893 722 2968 post
751 2896 1213 2970 coifflagrationem
1243 2896 1461 2966 decursis
1491 2895 1745 2970 mensibus
1777 2942 1794 2974 ‚
1822 2898 2026 2956 abbeli-

1860 2983 1888 3027 t
1891 2987 1954 3027 its·

283 3037 352 3090 (1)
406 3040 665 3109 Inquifition.
690 3044 747 3097 Φ
768 3045 1056 3105 οὸῘεννατὶοη.
1074 3047 1266 3106 natural·
1287 3047 1417 3107 Epist,
1436 3064 1477 3105 7·
1499 3050 1556 3099 &7
1575 3051 1618 3107 32
1877 3041 1883 3043 ξ
1912 3042 1922 3044 ⁴
