2373 3340
407 186 480 235 94
628 162 735 218 DE
790 148 1110 216 vEsuvn
1157 152 1886 216 CONFLAGRATIONE

329 289 610 366 tustiffimae
640 326 654 352 ‚
682 284 1090 362 antiquioreque
1117 287 1297 360 aliquo
1324 285 1556 340 incendio
1571 299 1895 357 generatum
1923 305 1941 341 ε
1970 302 2131 360 argue

327 360 764 439 mentoquesunt
795 361 966 435 illius¹
967 359 1245 437 soliditas,
1274 359 1439 419 color,
1472 357 1778 430 laevitanue
1807 355 1879 415 Ce’
1908 361 2129 434 compla-

337 439 493 495 natio
521 433 811 512 superficiei
846 453 862 488 :
906 450 1015 506 quae
1044 433 1289 488 videlicet
1321 431 1617 505 qualitates
1652 432 1914 487 videntur
1942 434 2001 487 in
2028 445 2139 486 ma-

331 511 531 568 teriam
560 511 661 566 vix¹
689 509 814 563 dum
851 525 878 561 e
946 511 1088 562 riore
1126 505 1441 579 liquiditate
1477 503 1802 558 obduratam
1833 522 1934 558 non
1963 506 2137 558 admo-

335 585 462 638 dum
489 583 772 638 convenire
791 593 856 655 po
901 601 927 633 e
955 620 969 634 .
1034 580 1183 635 Inter
1210 578 1298 631 hos
1329 589 1510 630 autem
1541 577 1732 650 lapides
1763 576 1977 649 quidam
1991 573 2137 651 sunt

321 654 601 727 firmitate
638 653 881 707 mediocri
910 690 924 714 ‚
983 654 1244 706 nimirum
1301 664 1368 704 ex
1413 666 1604 721 genere
1649 665 1807 720 neque
1849 644 2143 726 spongioso-

335 747 460 784 rum
483 727 644 801 plane
672 760 687 787 ‚
745 740 905 794 neque
940 721 1246 792 solidiorum
1275 740 1293 783 3
1333 726 1425 783 qui
1455 721 1659 775 attriti
1690 757 1704 781 ‚
1745 719 2048 793 redaiiique
2079 724 2138 773 in

305 803 622 877 pulverem,
651 799 710 851 in
741 794 990 848 arenulas
1020 788 1290 865 discedunt
1303 785 1581 865 subfuscas
1613 826 1625 849 ‚
1655 795 1907 845 micantes
1936 830 1947 850 ‚
1977 805 2142 865 atque

340 870 701 928 translucidas
732 906 749 932 ,
804 879 872 920 ut
895 875 1050 941 patet
1091 899 1106 926 ‚
1156 860 1219 930 fi
1240 863 1332 934 qui
1361 876 1437 912 eos
1466 857 1778 933 microfitopii
1796 861 2022 933 subsidio
2054 864 2144 917 ad.

331 943 499 1019 jutus
556 940 841 1016 inspexerit
873 978 886 991 .
947 933 1073 1012 Qa
1086 931 1298 1006 scilicet
1330 930 1691 1005 observatione
1732 935 1976 986 certiores
1995 933 2144 1009 fabii

326 1018 518 1096 sumus
556 1012 846 1087 speculares
884 1011 1009 1064 illas
1050 1023 1240 1062 arenas
1272 1044 1284 1067 ,
1314 1017 1477 1078 atque
1496 998 1852 1076 subobscuras
1882 1040 1896 1066 ‚
1954 1007 2147 1077 quibus

339 1090 415 1144 ad
446 1084 796 1158 exsugendum
834 1081 1128 1138 recentium
1158 1076 1487 1152 scriptorum
1542 1087 1918 1130 atramentum
1971 1073 2150 1149 pffm

338 1161 556 1217 utimur
586 1193 602 1219 ,
641 1171 875 1226 quarum
903 1168 1125 1225 magnus
1155 1167 1407 1206 numerus
1436 1150 1496 1203 in
1524 1148 1797 1219 Prochytae
1828 1186 1842 1210 ‚
1884 1147 2153 1203 AEnariae-

344 1250 441 1310 que
479 1229 735 1283 litoribus
776 1227 955 1299 colligi
980 1223 1120 1300 solet
1152 1260 1168 1286 ‚
1225 1238 1483 1295 quamque
1512 1220 1666 1272 Dom.
1699 1220 2067 1293 Hombergius-
2092 1222 2154 1275 in

342 1303 593 1365 Romanis
622 1302 786 1356 etiam
816 1298 1003 1369 campis
1035 1296 1252 1351 invenit
1292 1331 1308 1357 ,
1367 1307 1556 1347 revera
1593 1288 1901 1364 fragmenta
1931 1292 2024 1365 effi
2053 1295 2151 1348 mi-

341 1371 645 1446 nutiffi'ma,
676 1367 747 1427 &
770 1369 1023 1445 postrema
1055 1368 1291 1442 lapidum
1318 1361 1618 1438 hujusmodi
1647 1405 1661 1428 ‚
1691 1370 1748 1418 in
1776 1383 1887 1419 eam
1903 1365 2149 1440 formam

344 1469 412 1507 ex·
450 1445 650 1520 affi'dua
687 1446 891 1500 marini
908 1439 1118 1515 fluitus
1147 1440 1449 1512 agitatione
1486 1472 1501 1498 ,
1562 1437 1738 1494 aliave
1795 1437 2154 1513 aquipollenti

342 1524 519 1596 caussa
545 1517 759 1574 redatia
787 1536 803 1570 :
832 1512 904 1570 «ἴθ’
931 1513 1228 1582 ubicunque
1257 1511 1363 1562 illae
1392 1508 1871 1579 deprehendantur,
1899 1522 2153 1582 reputati-

343 1590 470 1652 dum
497 1590 591 1661 ‘ff'
631 1589 728 1644 vel
763 1587 949 1641 ibimet
980 1620 995 1645 ‚
1061 1583 1157 1638 vel
1192 1584 1252 1636 in
1282 1582 1489 1637 vicinia
1519 1580 1830 1635 mineralem
1859 1580 2150 1653 aliquando

344 1670 519 1742 ignem
546 1662 878 1718 vehementer
907 1651 1082 1727 arfiffe
1112 1696 1129 1723 ‚
1161 1656 1254 1728 qui
1283 1668 1463 1709 terras
1493 1688 1508 1715 ‚
1558 1652 1770 1726 aliaque
1798 1653 1954 1711 obvia
1987 1666 2156 1724 atque

344 1749 638 1815 opportuna
669 1730 954 1786 mineralia
986 1727 1191 1804 afficere
1226 1764 1240 1791 ,
1285 1730 1344 1781 in
1373 1728 1618 1799 vitrique
1647 1726 1870 1780 indolem
1900 1731 2160 1781 immuta-

352 1830 412 1868 re
445 1809 694 1866 valuerit
727 1845 740 1858 .
799 1805 862 1857 In
903 1802 998 1855 hac
1022 1801 1304 1878 sententia
1335 1798 1504 1870 noster
1547 1797 1636 1851 Tb.
1665 1801 1936 1855 cornelius
1978 1795 2106 1871 fuit
2138 1817 2156 1852 :

346 1884 440 1959 qui
468 1895 534 1934 ex
565 1879 835 1952 compertis
862 1874 1089 1950 Neapoli
1117 1875 1259 1928 circa
1297 1873 1435 1925 litus
1466 1870 1651 1925 Echiae
1682 1870 1996 1945 suppositum
2033 1887 2150 1925 are-

348 1974 426 2013 nae
454 1946 661 2024 bujufie
689 1949 930 2021 reliquiis
988 1983 1004 2009 ‚
1059 1946 1301 1999 animum
1357 1941 1581 1996 induxit
1619 1955 1686 1997 ut
1737 1944 1969 1998 crederet
1999 1981 2013 2004 ‚
2071 1940 2151 1995 ibi

349 2025 654 2103 quandoque
682 2017 921 2075 incendia
950 2014 1188 2086 exarfiffl’
1224 2033 1240 2067 :
1279 2014 1707 2088 quemadmodum
1734 2016 1793 2069 in
1822 2014 2011 2090 infulis
2039 2011 2153 2087 ipsts

348 2097 616 2167 Prochyta
645 2129 662 2157 ,
700 2090 1039 2162 AEnariaque
1064 2107 1082 2155 3
1118 2085 1306 2160 quibus
1344 2085 1467 2139 locis
1496 2121 1511 2147 ,
1542 2095 1612 2139 ut
1639 2085 1783 2139 modo
1812 2086 2105 2142 dicebamus
2135 2121 2154 2148 ‚

348 2175 530 2244 ingens
560 2184 729 2222 arenae
757 2163 909 2217 illius
939 2164 1021 2218 vis
1049 2160 1332 2231 colligitur
1369 2196 1381 2210 .
1414 2156 1478 2210 In
1507 2157 1645 2212 hanc
1673 2154 1835 2232 uisam
1864 2161 2155 2235 opinionem

348 2241 660 2323 descendunt
681 2235 845 2316 supra
874 2236 1079 2290 citatus
1109 2225 1632 2304 Dom.Gotbofredus
1660 2268 1676 2294 ,
1709 2229 1781 2287 ἐξ
1802 2229 2155 2306 sagaciffimus

347 2320 546 2375 Petrus
574 2310 842 2368 Antonius
872 2306 1171 2365 Micbelius
1201 2310 1226 2369 <
1237 2309 1289 2369 1)
1315 2322 1331 2357 2
1371 2308 1463 2374 qui
1491 2320 1555 2355 ex
1585 2304 1666 2356 his
1695 2341 1710 2368 ‚
1740 2305 1961 2379 aliisque
1989 2305 2050 2358 id
2061 2319 2157 2375 ge-

351 2408 452 2447 nus
490 2383 840 2437 monumentis
861 2379 1026 2455 super
1065 2388 1239 2431 monte
1268 2375 1586 2432 Radicofano
1613 2378 1672 2429 in
1700 2375 1954 2431 Etruria
1985 2387 2159 2449 reper-

353 2462 475 2518 tis,
528 2455 748 2528 conjecit
802 2489 817 2515 ,
866 2456 1032 2506 etiam
1071 2449 1186 2503 illic
1224 2446 1567 2521 vetustiffi'ma
1594 2447 1866 2503 bominum
1906 2446 2161 2502 memoria

352 2532 660 2593 Vulcanum
717 2525 950 2599 aliquem
1006 2519 1258 2595 exstitiffie
1295 2559 1310 2574 .
1363 2522 1546 2594 Qam
1572 2532 1755 2576 autem
1782 2521 1844 2575 ob
1873 2538 1983 2575 rem
2010 2515 2160 2575 dobio

351 2607 475 2663 viro
501 2600 707 2656 Abbati
734 2596 1055 2655 Bourdeloto
1083 2601 1171 2661 (2)
1203 2597 1262 2650 in
1290 2606 1515 2648 mentem
1543 2596 1756 2650 venerit
1785 2606 1854 2649 ut
1883 2592 2150 2653 crederet,

356 2689 576 2734 arenam
613 2671 771 2727 illam
809 2708 827 2736 ‚
883 2686 1044 2745 quam
1075 2668 1245 2727 Romae
1259 2665 1309 2738 J
1309 2667 1441 2726 adaei
1469 2666 1761 2724 venditant
1781 2664 2159 2739 stecandorum

1946 2734 2087 2814 scri·
2139 2777 2141 2779 .

409 2823 479 2880 (1)
541 2819 739 2875 Dignum
760 2817 822 2863 est
843 2815 964 2872 quod
988 2817 1157 2871 legatur
1174 2822 1268 2870 ejus
1284 2814 1494 2871 Elogium
1511 2814 1743 2859 florentiae
1761 2812 1930 2857 editum
1952 2819 2156 2866 an.1737.

355 2894 530 2942 pag·19·
553 2888 601 2921 ut
627 2889 671 2922 et
690 2881 795 2922 Tom.
809 2878 916 2923 VIII.
934 2876 1229 2931 opusculorum
1241 2870 1514 2932 philosophie.
1535 2870 1831 2930 Differtation.
1853 2881 1893 2911 2.
1925 2865 1977 2911 de
1993 2868 2158 2909 Terrae-

358 2952 468 2983 motu
492 2949 669 2997 pag-45.

349 3053 387 3110 ft
413 2994 488 3097 {2}
533 2990 667 3049 Apud
701 2989 973 3036 Bocconium
1002 2988 1293 3047 Inquifitiones
1313 3015 1329 3040 ,
1357 2988 1415 3040 Θῆ
1445 2981 1763 3041 ohservationes
1796 2980 2017 3027 naturales
2052 2979 2156 3039 Epi-

391 3069 412 3097 ο
430 3083 440 3096 .
493 3084 504 3097 .
530 3060 705 3109 pag.71.
