2373 3340
605 122 1015 182 CAPUT
1087 120 1710 184 TERTIUM.
1914 150 1975 194 51

255 258 426 330 'atque
450 252 738 310 occultiore
767 254 939 309 indole
975 248 1049 311 <⁸9²
1085 251 1160 306 ad
1194 255 1578 328 concipiendum
1607 259 1784 311 acrius
1818 296 1832 321 ,
1872 256 1944 315 &⁹
1984 260 2057 313 aa’

254 331 463 384 diutius
491 328 832 383 retinendum
859 328 1088 382 calorem
1113 337 1428 400 comparatae
1452 324 1584 398 funt
1617 349 1631 383 :
1665 332 1848 402 itaque
1868 329 2052 405 paffi'm

247 400 486 457 videmus
514 437 533 465 ,
562 417 668 456 non
690 400 874 480 solum
900 397 1126 453 metalla
1154 401 1514 455 vehementius
1548 437 1563 461 ‚
1600 418 1760 473 quam
1791 410 2044 458 tenuiora

240 473 564 546 rarioraque
591 474 708 527 alia
738 484 953 548 corpora
978 506 995 534 ,
1034 469 1360 541 inflammari
1416 491 1436 539 ,-
1494 472 1745 545 lignaque
1788 477 1917 530 item
1930 477 2048 545 fir-

241 546 419 599 miora
447 562 508 601 ac
529 543 762 621 spffora
783 557 893 620 prae
913 540 1295 619 fragilioribus
1334 566 1354 614 3
1393 544 1494 623 fid
1519 543 1590 601 &
1619 547 1907 602 mineralia
1936 567 2050 606 cor—

227 626 397 690 pora,
425 636 536 692 quae
574 619 782 674 accendi
808 632 1009 691 quoquo
1035 617 1181 672 modo
1197 616 1390 694 poffi'nt
1417 657 1433 685 ‚
1462 631 1529 674 ut
1551 629 1694 694 puta
1722 621 1952 693 sulpbur
1983 637 2046 676 ac

237 689 488 746 bitumen
511 726 528 752 ,
545 691 820 762 peculiari
839 726 856 752 ‚
883 689 1027 762 quod
1050 689 1344 747 dicebamus
1383 712 1402 759 ,·
1446 690 1732 763 facultate
1761 693 1912 768 longe
1939 690 2048 769 ff-

232 762 411 832 catius
436 796 454 824 ‚
483 777 645 835 quam
674 761 788 814 alia
817 763 1033 825 multa,
1062 763 1358 832 quamlibet
1385 766 1659 835 graviora
1667 759 2051 838 solidioraque-

233 842 453 905 terpora
480 870 498 898 ,
527 830 832 906 incalcssere
859 850 876 886 ε
913 845 1014 904 quo
1041 835 1102 887 in
1120 851 1314 906 genere
1342 836 1512 904 rcfina
1541 838 1709 888 etiam
1736 871 1753 896 ,
1801 838 2042 905 gummi-

228 920 331 979 que
358 905 461 978 cst,
490 923 684 962 necnon
712 904 886 959 oleum
913 901 1079 977 ipsum
1101 923 1121 970 3
1151 907 1294 977 quod
1313 922 1455 979 aqua
1484 906 1614 958 licet
1645 904 1820 958 multo
1849 905 2050 973 leviuss'

226 978 406 1032 multo
432 990 616 1033 tamen
633 989 749 1053 prae
777 991 919 1050 aqua
946 976 1337 1031 vehementiore
1365 977 1539 1032 calore
1567 979 1884 1050 corripitur.
1908 980 2042 1055 Qae

224 1067 349 1104 cum
390 1051 476 1103 ita
496 1047 612 1121 sint
649 1089 665 1115 ‚
702 1049 767 1120 fi
796 1049 1004 1122 quando
1044 1050 1122 1103 bae
1161 1049 1274 1102 duae
1328 1068 1410 1104 res
1467 1086 1483 1114 ‚
1542 1055 1781 1104 materiae
1816 1048 2041 1128 scilicet

226 1120 467 1174 soliditas
493 1160 509 1184 ,
561 1117 952 1196 peculiarisque
980 1133 1256 1195 corporum
1288 1122 1624 1196 quorundam
1664 1133 1878 1176 natura
1916 1142 2041 1180 con-

225 1191 454 1247 veniant
492 1204 657 1261 atque
693 1196 992 1262 conspirent
1031 1227 1049 1251 ,
1105 1209 1252 1242 nemo
1281 1209 1388 1244 non
1416 1194 1566 1245 videt
1596 1229 1612 1254 ,
1644 1195 1873 1247 calorem
1901 1194 2038 1271 ejusl

220 1260 359 1315 modi
378 1271 578 1333 praeter
608 1257 818 1317 modum
845 1255 1095 1333 efficacem
1118 1260 1501 1335 immanemque
1515 1258 1793 1335 futurum
1811 1302 1823 1315 .
1855 1267 2041 1339 Atqui

217 1330 471 1409 (jusmodi
499 1335 709 1390 omnino
737 1335 808 1410 est
835 1329 1267 1409 Vesuvianorum
1295 1338 1636 1388 torrentium
1663 1336 1831 1408 ignis.
1862 1338 2035 1403 Nam,

218 1419 288 1461 ut
318 1407 541 1460 mittam
571 1408 656 1462 bic
685 1424 917 1484 quaerere
956 1444 973 1473 ,
1028 1404 1226 1462 habeat
1260 1410 1494 1462 materia
1524 1406 1628 1461 illa
1657 1433 1674 1473 ‚-
1717 1428 1872 1465 necne
1902 1447 1917 1473 ,
1946 1412 2041 1466 ad-

213 1477 371 1552 mista
399 1481 629 1536 metalla
667 1500 684 1537 ε
740 1496 864 1537 tum
896 1519 910 1539 .
950 1479 1015 1549 fi
1035 1479 1226 1535 babere
1252 1491 1509 1555 ponamus
1545 1516 1561 1543 ‚
1619 1494 1779 1557 quoto
1798 1486 1989 1556 gradu
2015 1522 2036 1552 ,

210 1560 449 1624 *quotane
464 1564 630 1627 parte
658 1554 880 1624 admista
919 1553 1140 1618 babeat3
1170 1553 1303 1612 baec,
1334 1554 1560 1625 inquam
1586 1589 1602 1615 ‚
1631 1568 1700 1617 ut
1729 1560 1987 1612 omittam
2015 1595 2047 1623 ,s

215 1622 280 1676 id
302 1639 474 1677 unum
483 1622 633 1697 satis
661 1625 1006 1680 babuerimus
1036 1661 1052 1687 ‚
1068 1624 1137 1695 st
1168 1623 1243 1677 ad
1256 1619 1437 1699 solam
1466 1623 1577 1695 ejus⁴
1606 1629 1846 1684 materiae
1872 1627 2038 1695 densi-

213 1706 392 1751 tatem
419 1731 436 1758 ‚
468 1709 629 1770 atque
657 1699 730 1751 ad
752 1700 1024 1771 ingentem
1051 1705 1077 1762 (
1106 1714 1218 1768 qua)
1246 1693 1520 1762 deifitatis
1552 1699 1813 1754 indicium
1842 1697 2032 1775 fldlffi‘

211 1785 362 1822 mum
388 1768 458 1841 cst
484 1776 512 1834 )
540 1773 894 1845 gravitatem
923 1770 1165 1824 animum
1194 1768 1546 1824 advertamus
1574 1789 1593 1837 ,-
1636 1774 1721 1825 ita
1765 1769 1982 1848 scilicet
2009 1787 2032 1842 ‚'

214 1841 430 1913 qualem
466 1880 483 1905 ‚
524 1857 891 1919 quantamque
947 1843 1065 1899 vim
1121 1841 1314 1896 caloris
1355 1840 1602 1914 arccffere
1641 1844 1744 1898 illa
1773 1845 2030 1922 ferreque

200 1911 354 1988 pfft
386 1951 403 1978 ‚
448 1916 652 1989 liquido
711 1917 985 1992 apparebit
1016 1953 1030 1967 .
1081 1911 1242 1987 Qod
1272 1912 1339 1983 st
1365 1912 1533 1989 super
1589 1916 1670 1972 bis
1718 1920 2030 1993 permistam

213 2003 417 2058 quoque
454 1992 615 2043 illam
653 1993 941 2044 materiam
971 1991 1312 2057 reputaveris
1339 2021 1356 2046 ,
1397 1999 1561 2058 atque
1588 2004 1888 2046 concretam
1905 1992 2031 2068 sul-

200 2057 379 2129 phure
418 2095 435 2123 ‚
474 2061 739 2113 bitumine
767 2094 783 2121 ‚
806 2055 1110 2130 salibusque
1138 2074 1156 2121 3
1188 2052 1419 2130 profebio
1433 2059 1570 2130 jure
1603 2080 1663 2116 ac
1692 2067 1886 2117 merito
1899 2060 2020 2140 sta·-

211 2139 339 2183 tuas
397 2167 414 2195 ‚
468 2143 739 2187 torrentes
783 2131 924 2208 hosce
942 2131 1258 2208 supremum
1297 2128 1461 2185 illum
1498 2134 1691 2189 caloris
1721 2136 1965 2208 graelum
2000 2177 2019 2203 ,

207 2218 360 2274 quem
388 2206 589 2258 sentire
617 2245 635 2271 ‚
666 2221 915 2276 quemque
945 2203 1141 2277 affi’qui
1170 2202 1491 2272 cogitatione
1509 2206 1774 2280 possumus
1803 2245 1819 2272 ,
1849 2216 2021 2269 conti-

208 2290 331 2329 nere
369 2316 381 2331 .
423 2275 541 2334 Hoc
568 2289 755 2330 autem
780 2276 983 2332 diffum
1019 2291 1053 2327 a
1092 2271 1236 2330 nobis
1269 2273 1355 2329 hic
1383 2276 1479 2349 csto
1507 2283 1665 2336 velut
1697 2284 1758 2337 in
1788 2285 2018 2349 antecell

189 2343 322 2423 sum
348 2387 365 2414 ‚
394 2351 478 2405 rei
492 2350 804 2424 generatim
832 2360 1105 2425 utcunque
1135 2346 1424 2405 indicandae
1450 2356 1650 2426 gratia
1692 2374 1708 2408 ε
1737 2354 1861 2426 jam
1889 2350 2019 2411 «Μὴ,

198 2433 512 2494 exponemus
552 2464 569 2489 ‚
628 2441 739 2498 quae
766 2425 915 2478 ratio
941 2424 1087 2480 nobis
1119 2423 1266 2477 inita
1305 2465 1320 2488 ,
1379 2442 1556 2498 quave
1585 2426 1745 2503 fabia
1766 2429 2016 2499 pericula

186 2489 313 2559 fint
344 2531 362 2559 ‚
389 2510 457 2551 ut
486 2498 687 2553 certius
716 2497 933 2573 aliquid
955 2534 972 2563 ,
1001 2496 1359 2576 liquidiusque
1386 2497 1445 2553 de
1474 2499 1665 2556 caloris
1706 2500 1869 2572 hujus
1906 2500 2017 2578 ffi-

201 2567 348 2620 cacia
388 2569 791 2647 cognosceremus
822 2613 836 2629 .

349 2640 521 2701 Nonis
561 2643 754 2711 Juniis
794 2686 810 2712 ‚
858 2647 1118 2702 nimirum
1175 2645 1564 2719 decimoquinto
1601 2664 1634 2701 a
1673 2650 2015 2707 torrentium

199 2718 474 2789 eruptione
504 2720 586 2772 die
614 2755 630 2781 ‚
669 2720 805 2775 Socii
833 2722 1050 2796 quidam
1081 2717 1247 2791 nostri
1270 2719 1482 2796 summo
1524 2739 1676 2776 mane
1706 2726 1765 2779 in
1796 2724 2021 2780 Hercu*

201 2786 414 2846 lanium
435 2789 662 2869 profeiii
693 2793 829 2858 sunt
858 2831 875 2860 ‚
912 2796 1127 2870 caeloque
1157 2795 1389 2850 nondum
1412 2796 1573 2870 plane
1603 2795 1821 2851 albente
1851 2817 1869 2867 ,-
1911 2797 2007 2866 qui

193 2864 405 2935 propius
463 2868 536 2921 ad
589 2876 892 2922 torrentem
931 2869 1221 2924 accedentes
1263 2910 1281 2937 ,
1338 2865 1696 2942 rimantcsque
1758 2866 2009 2932 curiosius

199 2939 374 3010 omnia
417 2974 437 3007 ‚
489 2941 639 2997 inter
683 2939 937 3024 fortuita
977 2939 1243 3069 saxorgn
1299 2942 1600 3021 interstitia
1658 2940 2010 3001 cavernulam

1287 3035 1320 3073 2
1761 3028 1940 3086 qaan-
