2373 3340
356 125 430 178 15
582 114 688 172 DE
739 108 1059 169 vEsuvn
1107 106 1837 166 coNfLAGRAT-toNE

283 250 449 306 etiem
478 244 688 320 qualem
717 259 887 298 arenae
918 278 931 304 ‚
959 237 1244 315 frumenta
1267 273 1284 301 ,
1314 252 1563 291 rerumve
1591 236 1892 312 hujusmodi
1922 234 2106 294 acervi

278 320 541 397 effingunt
572 356 586 381 ‚
600 316 665 385 st
682 334 774 392 per
801 315 1010 370 eandem
1037 309 1368 365 direilionem
1397 306 1634 382 deorsum
1655 307 1799 379 ferri
1829 312 2105 366 continen-

281 398 336 449 ti
356 398 522 469 fluxu
560 392 619 445 id
645 407 813 464 genus
855 387 1112 441 materias
1129 381 1418 452 sinamus:
1459 380 1648 453 quihus
1699 381 1901 455 scilicet
1958 382 2100 438 binis

279 470 438 522 modis
447 463 699 538 figuram
728 464 867 518 banc
906 453 1130 528 induiffe
1160 473 1300 510 mons
1338 454 1561 509 videtur
1618 475 1633 508 .-
1698 467 1908 508 tumore
1947 456 2107 510 nimi-

277 559 405 597 rum
462 552 625 594 terrae
678 535 745 590 ab
773 533 1018 603 intestino
1045 533 1255 603 ignium
1294 531 1497 600 impetu
1535 546 1552 594 3
1612 521 1683 581 ἔθ’
1712 524 1879 596 emissi
1913 529 2107 582 cineris

265 613 633 688 saxorumque
659 610 879 665 coitione
906 626 925 675 ς
955 622 1066 679 quae
1078 599 1305 681 sursum
1332 600 1609 674 ejaculata
1643 636 1658 663 ,
1688 600 2008 672 rursumque
2035 599 2109 653 ad

271 682 708 763 perpendiculum
735 680 1028 736 recidentia
1058 716 1072 739 ‚
1102 674 1386 731 tumulum
1414 674 1698 726 immanem
1727 684 2063 728 creaverunt
2096 712 2111 726 .

424 753 549 830 Qa
580 755 639 809 in
667 770 726 807 re
755 767 788 803 a
817 749 1117 820 Peregrinii
1145 755 1171 810 <
1189 753 1255 809 1)
1293 747 1529 817 opinione
1566 742 1869 816 discedimus
1931 763 1949 810 ς
2010 745 2106 816 qui

273 841 446 907 putat
477 864 492 892 ,
523 844 633 898 quae
656 837 781 900 pars
813 823 904 876 hoc
934 827 1163 891 tempore
1191 817 1382 869 cinerei
1411 815 1737 887 ambustique
1766 820 1961 872 montis
1993 832 2106 871 cer-

283 906 478 964 nitur,
506 898 564 953 id
590 899 685 954 vel
709 913 857 949 omne
879 930 894 958 ‚
922 888 1229 960 velsaltem
1247 887 1556 962 plurimum
1583 889 1838 961 reliquias
1870 887 1965 962 effi’
1997 886 2114 959 ejus

282 976 437 1031 molis
470 984 485 1036 ,’
514 986 619 1043 qua
642 971 904 1045 primitus
933 963 1194 1038 Vesuvius
1231 957 1505 1031 constabat
1540 979 1556 1013 .·
1597 976 1808 1034 quaeque
1850 963 1986 1034 ignis
2015 964 2116 1016 im-

276 1058 412 1124 petu
450 1041 666 1115 disjeft'a
695 1058 756 1096 ac
784 1040 1118 1094 conturbata
1158 1034 1286 1087 olim
1314 1031 1501 1110 fuerit
1559 1072 1577 1098 ,
1634 1044 1703 1088 ut
1742 1034 1803 1087 in
1831 1035 2118 1086 tumulum

289 1118 550 1194 quendam
587 1114 821 1182 undique
858 1103 1226 1180 circumcffum
1281 1107 1341 1158 in
1398 1103 1629 1176 quadam
1686 1102 1842 1179 quast
1879 1103 2121 1179 planitie

286 1188 488 1245 abierit
524 1224 537 1238 .
591 1183 844 1258 Qarum
883 1183 1092 1253 quidem
1131 1176 1568 1246 conjecturarum
1597 1189 1737 1230 utra
1767 1175 2120 1244 verosimilior

270 1261 355 1334 fit
387 1300 404 1327 ,
435 1259 704 1312 decernere
733 1270 837 1309 non
864 1253 1115 1306 audemus
1144 1266 1162 1302 ε
1191 1264 1318 1300 nam
1346 1250 1406 1301 in
1434 1247 1500 1298 iis
1529 1283 1544 1308 ‚
1573 1247 1647 1300 ad
1672 1264 1900 1320 quorum
1930 1244 2122 1313 confir-

290 1333 579 1391 mationem
637 1327 818 1380 idonea
857 1324 1229 1397 historicorum
1286 1320 1589 1392 testimonia
1628 1337 1735 1374 non
1786 1317 2077 1395 suppetunt
2108 1353 2124 1380 ‚

288 1420 502 1483 quaeque
531 1395 879 1476 efficaciffi'mis
919 1390 1192 1468 minusque
1229 1389 1446 1460 usitatis
1476 1390 1851 1461 instrumentis
1887 1399 1913 1458 <
1942 1392 2121 1462 qualis

290 1480 393 1543 line
422 1473 778 1542 controversia
829 1473 988 1546 ignea
1026 1469 1109 1525 vis
1140 1463 1379 1519 habenda
1407 1462 1478 1532 est
1517 1469 1542 1528 J
1601 1478 1813 1520 natura
1844 1466 2079 1520 molitur
2110 1499 2128 1526 ‚

292 1549 447 1612 nihil
470 1547 741 1622 explorati
767 1581 784 1608 ,
815 1560 875 1598 ac
905 1545 1050 1599 citra
1078 1537 1302 1592 errandi
1332 1535 1608 1612 discrimen
1634 1538 1852 1608 produci
1883 1552 2125 1609 unquam

289 1620 458 1703 potest
487 1659 499 1672 .
534 1621 592 1673 Id
619 1612 922 1688 nobissatis
949 1611 1136 1688 fuerit
1165 1608 1371 1681 eviciffe
1401 1645 1415 1670 ‚
1467 1607 1701 1683 priscam
1726 1605 1947 1684 Vesuvii
1977 1624 2124 1662 mon·
2152 1649 2155 1652 -

297 1702 372 1757 tis
395 1692 607 1768 speciem
633 1702 694 1744 ae
714 1687 1018 1763 positionem
1057 1701 1090 1737 a
1120 1678 1373 1757 praesenti
1401 1680 1552 1754 longe
1599 1682 1879 1736 admodum
1933 1675 2124 1756 discre-

290 1761 432 1850 passe
459 1786 479 1834 3
522 1778 793 1834 unumque
820 1776 939 1812 eum
969 1796 983 1816 ‚
1039 1773 1100 1809 ac
1118 1753 1459 1826 singularem
1497 1760 1733 1809 montem
1759 1768 1889 1811 ante
1906 1752 2074 1830 fuiſje
2100 1772 2121 1820 ‚-

298 1846 564 1923 ipfizmque
594 1834 840 1890 culminis
872 1827 1266 1902 distrai‘iionem
1293 1863 1308 1888 ,
1366 1842 1525 1900 quam
1583 1828 1677 1881 hoc
1716 1839 1947 1902 tempore
1979 1822 2128 1882 nemo

304 1936 414 1976 non
444 1910 595 1970 videt
624 1944 641 1972 ,
669 1899 1128 1981 metamorphoseos
1157 1895 1430 1973 cujusdam
1457 1902 1768 1956 recentioris
1797 1906 1904 1955 loco
1936 1900 2136 1954 haben-

304 1993 429 2051 dam
459 1983 550 2058 effi·
581 2021 596 2045 ,
650 1997 761 2055 quae
801 1994 833 2029 a
863 1976 1060 2031 crebris
1090 1970 1595 2043 conflagrationibus
1620 2009 1637 2037 ,
1677 1973 1737 2028 de
1765 1974 1954 2049 quibus
1984 1973 2136 2026 dein-

306 2076 414 2140 ceps
446 2053 719 2114 dicendum
749 2047 915 2120 restat
944 2085 959 2112 ,
979 2044 1317 2124 profeilasit
1345 2084 1360 2098 .

453 2131 543 2189 Et
572 2125 778 2200 quidem
786 2120 853 2191 fi
870 2122 956 2176 cui
978 2117 1242 2198 perspeffla
1271 2117 1420 2172 ratio
1434 2114 1621 2193 fuerit
1651 2155 1666 2181 ‚
1710 2136 1815 2195 qua
1830 2119 2135 2196 spontaneae

306 2201 607 2285 hujusmodi
639 2193 1087 2272 conflagrationes
1109 2193 1348 2266 primum
1374 2191 1701 2246 excitantur
1733 2229 1748 2254 ‚
1803 2194 1955 2264 cujus
1993 2190 2138 2247 vide-

308 2275 440 2340 lic'et
461 2270 783 2352 phaenomeni
823 2269 1023 2322 mentio
1052 2282 1084 2318 a
1113 2263 1258 2320 nobis
1273 2260 1446 2342 supra
1474 2263 1762 2329 interjeila
1789 2264 1858 2337 est
1899 2302 1914 2327 ‚
1963 2261 2134 2340 facile

311 2356 557 2411 animum
587 2343 829 2403 inducet,
853 2351 921 2392 ut
950 2339 1161 2404 credat,
1192 2355 1297 2392 non
1327 2332 1434 2401 nisi
1452 2335 1764 2406 conjecturis
1796 2338 1952 2392 meris
1983 2353 2142 2410 agen-

313 2429 444 2483 dum
498 2415 592 2490 effl’
646 2417 707 2470 in
765 2412 1044 2479 statuenda
1091 2415 1274 2486 prima
1311 2407 1605 2482 Vesu‘aiani
1644 2411 1783 2482 ignis
1813 2412 2094 2485 eruptione
2124 2449 2139 2462 .

317 2500 468 2555 Nam
476 2489 742 2567 siquidem
769 2479 1018 2560 ejusmodi
1047 2486 1254 2556 ignium
1268 2478 1435 2558 fomes
1478 2493 1580 2536 aut
1624 2495 1928 2556 generatur
1956 2523 1974 2549 ,
2036 2491 2143 2535 aut

341 2570 508 2624 altem
536 2555 774 2635 coalescit
803 2556 876 2617 ὅθ’
904 2559 1216 2631 congeritur
1252 2567 1343 2629 per
1372 2555 1653 2609 interiores
1684 2556 1906 2610 telluris
1937 2557 2147 2616 motus,'

319 2633 743 2714 vegetationesve
771 2652 789 2700 3
833 2631 965 2711 sane
1003 2646 1146 2683 mons
1176 2629 1390 2704 quidam
1419 2629 1686 2697 igniarius
1718 2646 1769 2680 eo
1799 2628 1909 2682 loco
1938 2635 2148 2698 repente

322 2710 572 2771 emicabic
601 2745 616 2772 ,
647 2724 747 2781 quo
777 2706 937 2762 nulla
975 2703 1128 2757 illius
1168 2715 1330 2758 antea
1344 2696 1575 2773 suspicio
1603 2719 1620 2754 :
1650 2696 1722 2757 ἔθ’
1752 2697 1972 2773 rursum
2001 2694 2144 2750 mul-

325 2799 385 2845 to
403 2783 515 2861 poli
543 2781 793 2861 ejusmodi
819 2781 977 2853 igneae
991 2773 1249 2847 scatebrae
1276 2773 1595 2837 exhauriri,
1626 2772 1925 2839 occludique
1944 2781 2147 2846 praeter

329 2875 531 2933 omnem
558 2856 831 2913 hominum
859 2852 1148 2925 opinionem
1169 2847 1384 2924 poffunt
1416 2863 1432 2901 ε
1486 2863 1718 2920 quorum
1730 2840 1944 2972 scilicit
1977 2843 2150 2897 mira·-

1827 2933 1894 2974 cu
1922 2931 2078 2975 orum

371 3040 391 3093 (
415 3050 430 3082 1
454 3036 474 3088 )
531 3036 608 3080 loc.
625 3033 701 3105 cit.
