2373 3340
209 88 442 160 adium
491 79 855 151 nobiscum
903 79 1031 150 efl'e
1106 71 1326 172 quam
1369 71 1713 175 ‘opt-ime,
1793 84 1987 180 quod

207 190 378 262 Tibi
425 183 746 277 Opeilam
798 183 987 253 hanc
1033 201 1115 247 eo
1167 177 1603 274 potiffimum
1668 203 1986 280 tempore

209 290 461 362 offerre
510 287 750 354 datum
802 284 935 360 fit,
984 303 1132 378 quo
1175 283 1442 377 sperare
1488 284 1687 354 liceat
1724 336 1745 363 ‚
1792 289 1985 358 illam

201 396 271 462 ὃς
316 395 545 460 minus
607 406 895 478 gravate
957 402 1313 480 acceptum
1365 391 1476 455 iri
1526 387 1657 456 abs·
1698 385 1803 457 Te
1858 437 1877 466 ‚
1920 395 1991 462 δε

198 495 477 564 honore
551 496 764 559 etiam.
840 490 1019 559 forte
1096 488 1538 559 cumulatum
1614 487 1992 581 ejusmodi,

196 614 275 666 ut
326 602 398 666 in
453 594 700 682 Regias
756 589 948 662 Tuas
1024 615 1273 663 manus
1348 590 1736 686 aliquando
1788 595 1989 663 tolla-

193 718 310 767 tur
362 749 377 764 .
455 697 637 764 Freti
718 695 935 782 igitur
1007 718 1169 764 cum
1240 696 1766 788 opportunitate
1816 697 1988 772 ista,

191 818 345 869 tum
396 822 563 868 vero
614 800 927 864 maxime
956 794 1235 866 Animo
1264 843 1281 872 ‚
1323 799 1759 887 ingenioque
1790 794 1983 876 Tuo,

196 904 390 996 quod
434 926 473 967 a
505 916 755 970 natura
802 898 1008 967 habes
1034 900 1117 968 ad
1144 898 1714 993 promovendum
1770 895 1987 971 bona-

197 1032 358 1076 rum
408 1007 670 1073 artium
718 999 982 1071 cultum
1024 998 1324 1070 mirifice
1352 999 1727 1085 faffum3<
1766 1025 1989 1096 quam

196 1111 280 1176 ad
330 1132 475 1175 rem
522 1105 774 1172 scilicet
821 1127 946 1170 nec
995 1100 1405 1170 efficaciores
1450 1148 1469 1176 ‚
1518 1127 1644 1172 nec
1695 1110 1996 1175 acriores

193 1209 555 1278 admoveri
628 1203 942 1273 stimulos
1032 1203 1236 1273 nobis
1311 1202 1500 1298 poffe
1574 1204 1908 1277 sentimus
1969 1256 1989 1286 ‚

188 1336 408 1409 quam
482 1323 561 1378 ut
636 1323 872 1377 tantus
924 1307 1078 1376 Rex
1153 1308 1448 1398 gaudere
1508 1306 1574 1375 se
1620 1309 1993 1381 voluntate:

188 1416 424 1488 nostra
471 1458 489 1488 ‚
559 1408 1061 1504 conatibusque
1107 1410 1490 1503 praeseferat
1541 1415 1574 1494 )
1625 1409 1794 1482 Tibi
1840 1439 1988 1483 maa

191 1523 392 1588 ximo
442 1560 460 1589 ‚
539 1538 686 1607 quo
736 1511 889 1581 fieri
942 1507 1150 1605 poffit
1202 1560 1221 1589 ‚
1285 1512 1744 1584 observantiae
1789 1517 1997 1589 sensu·

183 1618 505 1689 collecstas
557 1616 756 1696 hasce
805 1616 886 1683 de
926 1613 1213 1685 Vesuvii
1264 1615 1606 1685 Incendiis
1672 1621 1990 1691 animad-⁴

189 1722 536 1794 verfiones
585 1715 943 1787 offerimus
990 1719 1489 1813 dicamusque:
1536 1717 1831 1791 fidentes
1880 1723 1999 1792 ΕΟ-ῃ

194 1852 268 1896 re
321 1875 338 1902 ‚
414 1841 491 1893 ut
539 1820 591 1890 fi
644 1824 679 1903 <
727 1822 923 1916 quod
972 1826 1285 1892 maxime
1336 1831 1732 1916 optamus)
1788 1823 1984 1896 labor

190 1931 311 1999 hic
360 1926 586 1995 noster
640 1923 811 1992 Tibi
864 1925 1068 2019 plane
1144 1950 1292 1995 non
1375 1929 1690 2016 ingratus
1739 1931 1808 1999 δε
1857 1933 1997 2000 im-·

188 2027 566 2124 probabilis
613 2027 938 2096 acciderit
980 2074 996 2102 ‚
1073 2026 1493 2120 aequioribus
1554 2053 1683 2098 nos
1749 2030 1989 2122 judici-

199 2133 321 2202 bus
368 2147 649 2200 utamur
677 2177 694 2204 ‚
740 2145 894 2198 tum
946 2129 1056 2198 his
1087 2175 1105 2203 2
1144 2136 1269 2224 qui
1319 2148 1564 2223 praeter
1602 2131 2021 2203 dnoborumf

185 2237 569 2304 hominum
650 2233 791 2301 hoc
866 2249 1180 2324 tempore
1256 2237 1332 2302 in
1410 2232 1725 2328 phyficis
1787 2235 1995 2306 rebus·

182 2338 566 2407 transtandis
635 2333 1030 2405 institutum
1094 2383 1114 2410 ‚
1188 2339 1368 2405 vitio
1437 2336 1714 2408 fortasse
1780 2338 1983 2409 nobis

183 2441 416 2510 daturi
454 2437 593 2507 fint
643 2487 662 2514 ,
743 2439 938 2530 quod
1016 2462 1298 2508 arcanas
1366 2454 1726 2511 tantorum
1777 2465 1984 2513 even-

189 2563 393 2613 tuum
438 2539 697 2610 cauffas
744 2543 1033 2633 aggredi
1079 2587 1135 2617 ,.
1178 2543 1247 2611 &
1303 2564 1655 2636 exponere
1708 2563 1999 2638 praeterr

187 2647 626 2716 miserimus:
674 2660 824 2715 tum
875 2650 957 2714 iis
1004 2667 1292 2741 quoque
1330 2693 1348 2721 ‚
1379 2637 1384 2641 ¹
1415 2652 1539 2741 qui
1591 2645 1980 2717 sabastiore

184 2751 477 2838 ingenio
506 2770 787 2824 ,curam
834 2755 1405 2842 gravitatemque
1451 2747 1790 2818 scribendi
1830 2776 1980 2819 eam

184 2854 259 2921 in
316 2850 453 2920 hoc
497 2857 1008 2923 commentario
1074 2848 1460 2925 defiderent
1510 2899 1529 2936 ,
1610 2874 1827 2946 quam
1876 2872 1978 2921 ta-

321 2968 332 2981 ’”
1771 2966 1905 3003 men
