<?xml version="1.0" encoding="UTF-8"?>
<!DOCTYPE html PUBLIC "-//W3C//DTD XHTML 1.0 Transitional//EN"
    "http://www.w3.org/TR/xhtml1/DTD/xhtml1-transitional.dtd">
<html xmlns="http://www.w3.org/1999/xhtml" xml:lang="en" lang="en">
 <head>
  <title>
</title>
<meta http-equiv="Content-Type" content="text/html;charset=utf-8" />
  <meta name='ocr-system' content='tesseract 3.04.00' />
  <meta name='ocr-capabilities' content='ocr_page ocr_carea ocr_par ocr_line ocrx_word'/>
</head>
<body>
  <div class='ocr_page' id='page_1' title='image "./neapolitanaescie00sera_0089.png"; bbox 0 0 2373 3340; ppageno 0'>
   <div class='ocr_carea' id='block_1_1' title="bbox 547 122 1958 196">
    <p class='ocr_par' dir='ltr' id='par_1_1' title="bbox 547 122 1958 196">
     <span class='ocr_line' id='line_1_1' title="bbox 547 122 1958 196; baseline -0.002 -14"><span class='ocrx_word' id='word_1_1' title='bbox 547 123 958 184; x_wconf 79' lang='lat' dir='ltr'>CAPUT</span> <span class='ocrx_word' id='word_1_2' title='bbox 1064 122 1730 196; x_wconf 72' lang='lat' dir='ltr'><strong>QuARTUM.</strong></span> <span class='ocrx_word' id='word_1_3' title='bbox 1887 137 1958 195; x_wconf 58' lang='lat' dir='ltr'><strong><em>w</em></strong></span> 
     </span>
    </p>
   </div>
   <div class='ocr_carea' id='block_1_2' title="bbox 227 246 2048 3066">
    <p class='ocr_par' dir='ltr' id='par_1_2' title="bbox 231 246 2032 401">
     <span class='ocr_line' id='line_1_2' title="bbox 231 246 2032 326; baseline -0.002 -18"><span class='ocrx_word' id='word_1_4' title='bbox 231 254 402 326; x_wconf 87' lang='lat' dir='ltr'><strong>Quod</strong></span> <span class='ocrx_word' id='word_1_5' title='bbox 438 273 540 309; x_wconf 91' lang='lat' dir='ltr'><strong>non</strong></span> <span class='ocrx_word' id='word_1_6' title='bbox 581 257 750 309; x_wconf 86' lang='lat' dir='ltr'><strong>minus</strong></span> <span class='ocrx_word' id='word_1_7' title='bbox 789 255 1054 326; x_wconf 79' lang='lat' dir='ltr'>eleganter</span> <span class='ocrx_word' id='word_1_8' title='bbox 1092 286 1108 312; x_wconf 88' lang='lat'>‚</span> <span class='ocrx_word' id='word_1_9' title='bbox 1165 246 1332 321; x_wconf 63' lang='lat' dir='ltr'><strong>quam</strong></span> <span class='ocrx_word' id='word_1_10' title='bbox 1370 250 1577 305; x_wconf 77' lang='lat' dir='ltr'><strong>erudite</strong></span> <span class='ocrx_word' id='word_1_11' title='bbox 1620 253 1874 324; x_wconf 78' lang='lat' dir='ltr'><strong>Virgilius</strong></span> <span class='ocrx_word' id='word_1_12' title='bbox 1914 253 2032 307; x_wconf 82' lang='lat' dir='ltr'><strong>insi-</strong></span> 
     </span>
     <span class='ocr_line' id='line_1_3' title="bbox 234 324 1958 401; baseline -0.007 -18"><span class='ocrx_word' id='word_1_13' title='bbox 234 334 428 384; x_wconf 82' lang='lat' dir='ltr'><strong>nuavit</strong></span> <span class='ocrx_word' id='word_1_14' title='bbox 456 365 471 390; x_wconf 90' lang='lat'><strong>‚</strong></span> <span class='ocrx_word' id='word_1_15' title='bbox 511 329 872 401; x_wconf 67' lang='lat' dir='ltr'><strong>expressitque</strong></span> <span class='ocrx_word' id='word_1_16' title='bbox 913 325 1050 376; x_wconf 75' lang='lat' dir='ltr'><strong>hisce</strong></span> <span class='ocrx_word' id='word_1_17' title='bbox 1087 324 1400 376; x_wconf 84' lang='lat' dir='ltr'><strong>carminibus</strong></span> <span class='ocrx_word' id='word_1_18' title='bbox 1430 344 1444 375; x_wconf 72' lang='grc' dir='ltr'><strong><em>ε</em></strong></span> <span class='ocrx_word' id='word_1_19' title='bbox 1737 358 1739 361; x_wconf 90' lang='grc'>-</span> <span class='ocrx_word' id='word_1_20' title='bbox 1955 348 1958 351; x_wconf 57' lang='lat'><strong>&gt;</strong></span> 
     </span>
    </p>

    <p class='ocr_par' dir='ltr' id='par_1_3' title="bbox 450 394 1894 469">
     <span class='ocr_line' id='line_1_4' title="bbox 450 394 1894 469; baseline -0.005 -10"><span class='ocrx_word' id='word_1_21' title='bbox 450 404 511 459; x_wconf 84' lang='lat' dir='ltr'><em>V</em></span> <span class='ocrx_word' id='word_1_22' title='bbox 505 402 692 455; x_wconf 64' lang='lat' dir='ltr'><strong>illimus</strong></span> <span class='ocrx_word' id='word_1_23' title='bbox 724 400 1015 454; x_wconf 69' lang='lat' dir='ltr'><strong>undantem</strong></span> <span class='ocrx_word' id='word_1_24' title='bbox 1055 397 1229 468; x_wconf 66' lang='lat' dir='ltr'><strong>ruptis</strong></span> <span class='ocrx_word' id='word_1_25' title='bbox 1256 394 1576 469; x_wconf 68' lang='lat' dir='ltr'><strong>fornacibus·</strong></span> <span class='ocrx_word' id='word_1_26' title='bbox 1605 397 1844 453; x_wconf 76' lang='lat' dir='ltr'><strong>AEtmzm</strong></span> <span class='ocrx_word' id='word_1_27' title='bbox 1880 436 1894 461; x_wconf 88' lang='lat'>‚</span> 
     </span>
    </p>

    <p class='ocr_par' dir='ltr' id='par_1_4' title="bbox 227 466 2042 1699">
     <span class='ocr_line' id='line_1_5' title="bbox 453 466 2028 548; baseline -0.003 -21"><span class='ocrx_word' id='word_1_28' title='bbox 453 475 506 529; x_wconf 88' lang='lat' dir='ltr'><em>F</em></span> <span class='ocrx_word' id='word_1_29' title='bbox 510 474 932 543; x_wconf 61' lang='lat' dir='ltr'><strong>lammarmqsae</strong></span> <span class='ocrx_word' id='word_1_30' title='bbox 950 466 1133 539; x_wconf 76' lang='lat' dir='ltr'><strong>globos</strong></span> <span class='ocrx_word' id='word_1_31' title='bbox 1164 506 1177 532; x_wconf 86' lang='lat'>‚</span> <span class='ocrx_word' id='word_1_32' title='bbox 1206 466 1595 543; x_wconf 65' lang='lat' dir='ltr'><strong>liqztc’faHaqm</strong></span> <span class='ocrx_word' id='word_1_33' title='bbox 1624 471 1839 525; x_wconf 67' lang='lat' dir='ltr'><strong>volvere</strong></span> <span class='ocrx_word' id='word_1_34' title='bbox 1860 474 1998 548; x_wconf 75' lang='lat' dir='ltr'><strong>saxa</strong></span> <span class='ocrx_word' id='word_1_35' title='bbox 2015 513 2028 524; x_wconf 94' lang='lat'>.</span> 
     </span>
     <span class='ocr_line' id='line_1_6' title="bbox 232 539 2032 614; baseline -0.004 -13"><span class='ocrx_word' id='word_1_36' title='bbox 232 547 490 604; x_wconf 82' lang='lat' dir='ltr'><strong>Videmus</strong></span> <span class='ocrx_word' id='word_1_37' title='bbox 519 550 656 598; x_wconf 92' lang='lat' dir='ltr'><strong>enim</strong></span> <span class='ocrx_word' id='word_1_38' title='bbox 689 582 702 605; x_wconf 90' lang='lat'>,</span> <span class='ocrx_word' id='word_1_39' title='bbox 759 542 906 614; x_wconf 92' lang='lat' dir='ltr'><strong>quod</strong></span> <span class='ocrx_word' id='word_1_40' title='bbox 936 545 984 592; x_wconf 89' lang='lat' dir='ltr'><strong>in</strong></span> <span class='ocrx_word' id='word_1_41' title='bbox 1015 539 1222 594; x_wconf 81' lang='lat' dir='ltr'><strong>fornace</strong></span> <span class='ocrx_word' id='word_1_42' title='bbox 1265 544 1484 595; x_wconf 87' lang='lat' dir='ltr'><strong>vitraria</strong></span> <span class='ocrx_word' id='word_1_43' title='bbox 1526 558 1593 592; x_wconf 82' lang='lat' dir='ltr'><strong>ex</strong></span> <span class='ocrx_word' id='word_1_44' title='bbox 1634 541 1882 612; x_wconf 79' lang='lat' dir='ltr'><strong>sulphure</strong></span> <span class='ocrx_word' id='word_1_45' title='bbox 1928 583 1942 609; x_wconf 89' lang='lat'>‚</span> <span class='ocrx_word' id='word_1_46' title='bbox 1980 546 2032 598; x_wconf 86' lang='lat'>&amp;</span> 
     </span>
     <span class='ocr_line' id='line_1_7' title="bbox 231 609 2036 689; baseline -0.009 -11"><span class='ocrx_word' id='word_1_47' title='bbox 231 623 485 678; x_wconf 89' lang='lat' dir='ltr'><strong>bitumine</strong></span> <span class='ocrx_word' id='word_1_48' title='bbox 515 616 804 689; x_wconf 68' lang='lat' dir='ltr'><strong>liqtiefaei³s</strong></span> <span class='ocrx_word' id='word_1_49' title='bbox 836 626 1105 684; x_wconf 85' lang='lat' dir='ltr'><strong>nunquam</strong></span> <span class='ocrx_word' id='word_1_50' title='bbox 1141 617 1345 669; x_wconf 86' lang='lat' dir='ltr'><strong>vitrum</strong></span> <span class='ocrx_word' id='word_1_51' title='bbox 1385 609 1618 666; x_wconf 88' lang='lat' dir='ltr'><strong>efficitur</strong></span> <span class='ocrx_word' id='word_1_52' title='bbox 1660 651 1675 677; x_wconf 80' lang='lat'><strong><em>‚</em></strong></span> <span class='ocrx_word' id='word_1_53' title='bbox 1732 614 1814 669; x_wconf 84' lang='lat' dir='ltr'><strong>sed</strong></span> <span class='ocrx_word' id='word_1_54' title='bbox 1858 620 2036 689; x_wconf 73' lang='lat' dir='ltr'><strong>requi-</strong></span> 
     </span>
     <span class='ocr_line' id='line_1_8' title="bbox 231 686 2037 756; baseline -0.004 -9"><span class='ocrx_word' id='word_1_55' title='bbox 231 707 424 750; x_wconf 83' lang='lat' dir='ltr'><strong>runtur</strong></span> <span class='ocrx_word' id='word_1_56' title='bbox 453 704 761 743; x_wconf 74' lang='lat' dir='ltr'><strong>marmoreae</strong></span> <span class='ocrx_word' id='word_1_57' title='bbox 789 687 976 756; x_wconf 83' lang='lat' dir='ltr'><strong>glareae</strong></span> <span class='ocrx_word' id='word_1_58' title='bbox 1004 723 1018 748; x_wconf 92' lang='lat'>,</span> <span class='ocrx_word' id='word_1_59' title='bbox 1060 698 1152 738; x_wconf 81' lang='lat' dir='ltr'><strong>aut</strong></span> <span class='ocrx_word' id='word_1_60' title='bbox 1183 704 1349 739; x_wconf 85' lang='lat' dir='ltr'><strong>arenae</strong></span> <span class='ocrx_word' id='word_1_61' title='bbox 1380 686 1702 740; x_wconf 80' lang='lat' dir='ltr'><strong>lixivialibus</strong></span> <span class='ocrx_word' id='word_1_62' title='bbox 1733 689 1918 742; x_wconf 73' lang='lat' dir='ltr'><strong>salibus</strong></span> <span class='ocrx_word' id='word_1_63' title='bbox 1949 687 2037 739; x_wconf 88' lang='lat' dir='ltr'><strong>ad-</strong></span> 
     </span>
     <span class='ocr_line' id='line_1_9' title="bbox 228 757 2039 831; baseline -0.004 -14"><span class='ocrx_word' id='word_1_64' title='bbox 228 767 386 822; x_wconf 82' lang='lat' dir='ltr'><strong>mistae</strong></span> <span class='ocrx_word' id='word_1_65' title='bbox 412 798 428 823; x_wconf 88' lang='lat'><strong><em>,</em></strong></span> <span class='ocrx_word' id='word_1_66' title='bbox 458 775 575 831; x_wconf 86' lang='lat' dir='ltr'><strong>quae</strong></span> <span class='ocrx_word' id='word_1_67' title='bbox 605 757 672 810; x_wconf 78' lang='lat' dir='ltr'><strong>ab</strong></span> <span class='ocrx_word' id='word_1_68' title='bbox 701 763 827 827; x_wconf 84' lang='lat' dir='ltr'><strong>ignis</strong></span> <span class='ocrx_word' id='word_1_69' title='bbox 858 758 1075 810; x_wconf 81' lang='lat' dir='ltr'><strong>fervore</strong></span> <span class='ocrx_word' id='word_1_70' title='bbox 1107 757 1297 808; x_wconf 87' lang='lat' dir='ltr'><strong>nedum</strong></span> <span class='ocrx_word' id='word_1_71' title='bbox 1330 758 1690 812; x_wconf 80' lang='lat' dir='ltr'><strong>diflolvuntur</strong></span> <span class='ocrx_word' id='word_1_72' title='bbox 1718 797 1734 824; x_wconf 90' lang='lat'>,</span> <span class='ocrx_word' id='word_1_73' title='bbox 1763 757 1846 813; x_wconf 81' lang='lat' dir='ltr'><strong>sed</strong></span> <span class='ocrx_word' id='word_1_74' title='bbox 1876 764 2039 812; x_wconf 86' lang='lat' dir='ltr'><strong>etiam</strong></span> 
     </span>
     <span class='ocr_line' id='line_1_10' title="bbox 227 831 2039 900; baseline -0.004 -11"><span class='ocrx_word' id='word_1_75' title='bbox 227 835 525 893; x_wconf 89' lang='lat' dir='ltr'><strong>funduntur</strong></span> <span class='ocrx_word' id='word_1_76' title='bbox 558 871 573 897; x_wconf 83' lang='lat'>‚</span> <span class='ocrx_word' id='word_1_77' title='bbox 617 831 662 882; x_wconf 85' lang='grc'><strong>8(</strong></span> <span class='ocrx_word' id='word_1_78' title='bbox 703 832 986 900; x_wconf 85' lang='lat' dir='ltr'><strong>acquirunt</strong></span> <span class='ocrx_word' id='word_1_79' title='bbox 1030 831 1256 881; x_wconf 78' lang='lat' dir='ltr'><strong>vitream</strong></span> <span class='ocrx_word' id='word_1_80' title='bbox 1295 831 1665 881; x_wconf 71' lang='lat' dir='ltr'><strong>consistentiam</strong></span> <span class='ocrx_word' id='word_1_81' title='bbox 1710 869 1723 882; x_wconf 89' lang='lat'><strong>.</strong></span> <span class='ocrx_word' id='word_1_82' title='bbox 1777 833 2039 884; x_wconf 65' lang='lat' dir='ltr'><strong>Praeterea</strong></span> 
     </span>
     <span class='ocr_line' id='line_1_11' title="bbox 233 900 2040 971; baseline -0.006 -10"><span class='ocrx_word' id='word_1_83' title='bbox 233 911 283 963; x_wconf 82' lang='lat' dir='ltr'><strong>in</strong></span> <span class='ocrx_word' id='word_1_84' title='bbox 311 907 524 965; x_wconf 83' lang='lat' dir='ltr'><strong>fornace</strong></span> <span class='ocrx_word' id='word_1_85' title='bbox 556 905 772 956; x_wconf 77' lang='lat' dir='ltr'><strong>Vitrasia</strong></span> <span class='ocrx_word' id='word_1_86' title='bbox 807 901 926 953; x_wconf 67' lang='lat' dir='ltr'><strong>aGtu</strong></span> <span class='ocrx_word' id='word_1_87' title='bbox 956 900 1160 952; x_wconf 60' lang='lat' dir='ltr'><strong>accensa</strong></span> <span class='ocrx_word' id='word_1_88' title='bbox 1190 900 1434 951; x_wconf 82' lang='lat' dir='ltr'><strong>fervente</strong></span> <span class='ocrx_word' id='word_1_89' title='bbox 1465 901 1513 952; x_wconf 79' lang='grc'><strong>8(</strong></span> <span class='ocrx_word' id='word_1_90' title='bbox 1548 901 1782 971; x_wconf 88' lang='lat' dir='ltr'><strong>undique</strong></span> <span class='ocrx_word' id='word_1_91' title='bbox 1822 901 1990 955; x_wconf 84' lang='lat' dir='ltr'><strong>clausa</strong></span> <span class='ocrx_word' id='word_1_92' title='bbox 2021 938 2040 964; x_wconf 89' lang='lat'>‚</span> 
     </span>
     <span class='ocr_line' id='line_1_12' title="bbox 233 972 2035 1041; baseline -0.006 -6"><span class='ocrx_word' id='word_1_93' title='bbox 233 974 623 1035; x_wconf 78' lang='lat' dir='ltr'><strong>remanentibus</strong></span> <span class='ocrx_word' id='word_1_94' title='bbox 663 986 837 1027; x_wconf 88' lang='lat' dir='ltr'><strong>tamen</strong></span> <span class='ocrx_word' id='word_1_95' title='bbox 877 973 1155 1025; x_wconf 85' lang='lat' dir='ltr'><strong>exiliffimis</strong></span> <span class='ocrx_word' id='word_1_96' title='bbox 1194 972 1520 1038; x_wconf 82' lang='lat' dir='ltr'><strong>spiramentis</strong></span> <span class='ocrx_word' id='word_1_97' title='bbox 1548 1007 1563 1033; x_wconf 90' lang='lat'>‚</span> <span class='ocrx_word' id='word_1_98' title='bbox 1607 976 1736 1041; x_wconf 81' lang='lat' dir='ltr'><strong>ignis</strong></span> <span class='ocrx_word' id='word_1_99' title='bbox 1769 975 2035 1030; x_wconf 81' lang='lat' dir='ltr'><strong>violenter</strong></span> 
     </span>
     <span class='ocr_line' id='line_1_13' title="bbox 230 1043 2038 1115; baseline -0.004 -8"><span class='ocrx_word' id='word_1_100' title='bbox 230 1050 451 1107; x_wconf 84' lang='lat' dir='ltr'><strong>inclusus</strong></span> <span class='ocrx_word' id='word_1_101' title='bbox 480 1052 594 1102; x_wconf 89' lang='lat' dir='ltr'><strong>vim</strong></span> <span class='ocrx_word' id='word_1_102' title='bbox 624 1046 776 1099; x_wconf 86' lang='lat' dir='ltr'><strong>faciet</strong></span> <span class='ocrx_word' id='word_1_103' title='bbox 807 1083 823 1110; x_wconf 86' lang='lat'>‚</span> <span class='ocrx_word' id='word_1_104' title='bbox 862 1058 922 1097; x_wconf 90' lang='lat' dir='ltr'><strong>ut</strong></span> <span class='ocrx_word' id='word_1_105' title='bbox 960 1047 1165 1098; x_wconf 87' lang='lat' dir='ltr'><strong>exitum</strong></span> <span class='ocrx_word' id='word_1_106' title='bbox 1196 1043 1258 1095; x_wconf 80' lang='lat' dir='ltr'><strong>ad</strong></span> <span class='ocrx_word' id='word_1_107' title='bbox 1294 1059 1447 1096; x_wconf 84' lang='lat' dir='ltr'><strong>auras</strong></span> <span class='ocrx_word' id='word_1_108' title='bbox 1479 1044 1561 1096; x_wconf 78' lang='lat' dir='ltr'><strong>fibi</strong></span> <span class='ocrx_word' id='word_1_109' title='bbox 1592 1059 1796 1115; x_wconf 83' lang='lat' dir='ltr'><strong>quaerat</strong></span> <span class='ocrx_word' id='word_1_110' title='bbox 1836 1067 1855 1114; x_wconf 83' lang='lat'><strong>‚-</strong></span> <span class='ocrx_word' id='word_1_111' title='bbox 1911 1047 1960 1099; x_wconf 87' lang='lat'>&amp;</span> <span class='ocrx_word' id='word_1_112' title='bbox 2003 1047 2038 1098; x_wconf 81' lang='lat' dir='ltr'>fi</span> 
     </span>
     <span class='ocr_line' id='line_1_14' title="bbox 229 1115 2038 1183; baseline -0.004 -6"><span class='ocrx_word' id='word_1_113' title='bbox 229 1122 370 1177; x_wconf 72' lang='lat' dir='ltr'><strong>forte</strong></span> <span class='ocrx_word' id='word_1_114' title='bbox 408 1123 543 1173; x_wconf 85' lang='lat' dir='ltr'><strong>latus</strong></span> <span class='ocrx_word' id='word_1_115' title='bbox 582 1158 599 1183; x_wconf 90' lang='lat'>‚</span> <span class='ocrx_word' id='word_1_116' title='bbox 658 1119 744 1171; x_wconf 89' lang='lat' dir='ltr'><strong>seu</strong></span> <span class='ocrx_word' id='word_1_117' title='bbox 782 1118 955 1171; x_wconf 87' lang='lat' dir='ltr'><strong>crusta</strong></span> <span class='ocrx_word' id='word_1_118' title='bbox 985 1119 1120 1171; x_wconf 80' lang='lat' dir='ltr'><strong>vasss</strong></span> <span class='ocrx_word' id='word_1_119' title='bbox 1150 1121 1354 1169; x_wconf 87' lang='lat' dir='ltr'><strong>vitrum</strong></span> <span class='ocrx_word' id='word_1_120' title='bbox 1384 1115 1556 1169; x_wconf 88' lang='lat' dir='ltr'><strong>fusum</strong></span> <span class='ocrx_word' id='word_1_121' title='bbox 1586 1122 1893 1171; x_wconf 86' lang='lat' dir='ltr'><strong>continentis</strong></span> <span class='ocrx_word' id='word_1_122' title='bbox 1922 1119 2038 1170; x_wconf 88' lang='lat' dir='ltr'><strong>satis</strong></span> 
     </span>
     <span class='ocr_line' id='line_1_15' title="bbox 228 1187 2037 1265; baseline -0.002 -20"><span class='ocrx_word' id='word_1_123' title='bbox 228 1194 435 1265; x_wconf 85' lang='lat' dir='ltr'><strong>gracilis</strong></span> <span class='ocrx_word' id='word_1_124' title='bbox 465 1227 478 1250; x_wconf 91' lang='lat'>‚</span> <span class='ocrx_word' id='word_1_125' title='bbox 509 1193 557 1240; x_wconf 87' lang='lat'>&amp;</span> <span class='ocrx_word' id='word_1_126' title='bbox 587 1190 881 1252; x_wconf 82' lang='lat' dir='ltr'><strong>diffipabilis</strong></span> <span class='ocrx_word' id='word_1_127' title='bbox 916 1190 1074 1237; x_wconf 84' lang='lat' dir='ltr'><strong>fuerit</strong></span> <span class='ocrx_word' id='word_1_128' title='bbox 1103 1224 1116 1246; x_wconf 92' lang='lat'>‚</span> <span class='ocrx_word' id='word_1_129' title='bbox 1147 1187 1385 1256; x_wconf 82' lang='lat' dir='ltr'><strong>subsequi</strong></span> <span class='ocrx_word' id='word_1_130' title='bbox 1412 1188 1554 1240; x_wconf 75' lang='lat' dir='ltr'><strong>facile</strong></span> <span class='ocrx_word' id='word_1_131' title='bbox 1584 1195 1779 1254; x_wconf 87' lang='lat' dir='ltr'><strong>poterit·</strong></span> <span class='ocrx_word' id='word_1_132' title='bbox 1810 1194 1991 1258; x_wconf 88' lang='lat' dir='ltr'><strong>ruptio</strong></span> <span class='ocrx_word' id='word_1_133' title='bbox 2021 1226 2037 1252; x_wconf 88' lang='lat'>‚</span> 
     </span>
     <span class='ocr_line' id='line_1_16' title="bbox 231 1256 2039 1328; baseline -0.004 -9"><span class='ocrx_word' id='word_1_134' title='bbox 231 1270 280 1319; x_wconf 77' lang='grc' dir='ltr'><strong>ὃ(</strong></span> <span class='ocrx_word' id='word_1_135' title='bbox 311 1261 568 1318; x_wconf 65' lang='lat' dir='ltr'><strong>diffraffio</strong></span> <span class='ocrx_word' id='word_1_136' title='bbox 595 1260 859 1327; x_wconf 81' lang='lat' dir='ltr'><strong>parietum</strong></span> <span class='ocrx_word' id='word_1_137' title='bbox 889 1256 1021 1306; x_wconf 90' lang='lat' dir='ltr'><strong>illius</strong></span> <span class='ocrx_word' id='word_1_138' title='bbox 1051 1271 1153 1308; x_wconf 85' lang='lat' dir='ltr'><strong>non</strong></span> <span class='ocrx_word' id='word_1_139' title='bbox 1184 1257 1381 1328; x_wconf 81' lang='lat' dir='ltr'><strong>abique</strong></span> <span class='ocrx_word' id='word_1_140' title='bbox 1410 1260 1738 1311; x_wconf 83' lang='lat' dir='ltr'><strong>concuflione</strong></span> <span class='ocrx_word' id='word_1_141' title='bbox 1767 1297 1783 1323; x_wconf 90' lang='lat'><strong><em>,</em></strong></span> <span class='ocrx_word' id='word_1_142' title='bbox 1822 1264 1869 1315; x_wconf 85' lang='grc'><strong>8(</strong></span> <span class='ocrx_word' id='word_1_143' title='bbox 1914 1263 2039 1314; x_wconf 90' lang='lat' dir='ltr'><strong>stre-</strong></span> 
     </span>
     <span class='ocr_line' id='line_1_17' title="bbox 230 1329 2042 1408; baseline -0.006 -19"><span class='ocrx_word' id='word_1_144' title='bbox 230 1342 348 1408; x_wconf 90' lang='lat' dir='ltr'><strong>pitu</strong></span> <span class='ocrx_word' id='word_1_145' title='bbox 406 1353 425 1402; x_wconf 80' lang='lat'>3</span> <span class='ocrx_word' id='word_1_146' title='bbox 482 1334 531 1386; x_wconf 79' lang='grc' dir='ltr'><strong>ὃ(</strong></span> <span class='ocrx_word' id='word_1_147' title='bbox 571 1329 638 1384; x_wconf 88' lang='lat' dir='ltr'><strong>ab</strong></span> <span class='ocrx_word' id='word_1_148' title='bbox 675 1342 860 1399; x_wconf 80' lang='lat' dir='ltr'><strong>aperto</strong></span> <span class='ocrx_word' id='word_1_149' title='bbox 889 1329 1144 1381; x_wconf 64' lang='lat' dir='ltr'><strong>fiiramine</strong></span> <span class='ocrx_word' id='word_1_150' title='bbox 1181 1330 1445 1398; x_wconf 74' lang='lat' dir='ltr'><strong>prosilient</strong></span> <span class='ocrx_word' id='word_1_151' title='bbox 1486 1346 1585 1386; x_wconf 89' lang='lat' dir='ltr'><strong>una</strong></span> <span class='ocrx_word' id='word_1_152' title='bbox 1629 1348 1752 1386; x_wconf 90' lang='lat' dir='ltr'><strong>curn</strong></span> <span class='ocrx_word' id='word_1_153' title='bbox 1795 1331 1948 1386; x_wconf 82' lang='lat' dir='ltr'><strong>fumis</strong></span> <span class='ocrx_word' id='word_1_154' title='bbox 1991 1335 2042 1387; x_wconf 70' lang='lat'><strong>3&lt;</strong></span> 
     </span>
     <span class='ocr_line' id='line_1_18' title="bbox 233 1402 2036 1478; baseline -0.006 -15"><span class='ocrx_word' id='word_1_155' title='bbox 233 1409 459 1463; x_wconf 86' lang='lat' dir='ltr'><strong>flammis</strong></span> <span class='ocrx_word' id='word_1_156' title='bbox 489 1406 659 1474; x_wconf 89' lang='lat' dir='ltr'><strong>primo</strong></span> <span class='ocrx_word' id='word_1_157' title='bbox 692 1403 852 1457; x_wconf 84' lang='lat' dir='ltr'><strong>saxeae</strong></span> <span class='ocrx_word' id='word_1_158' title='bbox 885 1414 1060 1471; x_wconf 88' lang='lat' dir='ltr'><strong>partes</strong></span> <span class='ocrx_word' id='word_1_159' title='bbox 1087 1405 1300 1471; x_wconf 82' lang='lat' dir='ltr'><strong>parietis</strong></span> <span class='ocrx_word' id='word_1_160' title='bbox 1329 1402 1547 1458; x_wconf 55' lang='lat' dir='ltr'><strong>diffrafiti</strong></span> <span class='ocrx_word' id='word_1_161' title='bbox 1576 1441 1591 1467; x_wconf 93' lang='lat'>,</span> <span class='ocrx_word' id='word_1_162' title='bbox 1624 1420 1743 1478; x_wconf 84' lang='lat' dir='ltr'><strong>quae</strong></span> <span class='ocrx_word' id='word_1_163' title='bbox 1773 1407 2036 1461; x_wconf 81' lang='lat' dir='ltr'><strong>orificium</strong></span> 
     </span>
     <span class='ocr_line' id='line_1_19' title="bbox 228 1473 2039 1546; baseline -0.003 -11"><span class='ocrx_word' id='word_1_164' title='bbox 228 1479 577 1542; x_wconf 73' lang='lat' dir='ltr'><strong>obturabant</strong></span> <span class='ocrx_word' id='word_1_165' title='bbox 607 1516 624 1541; x_wconf 86' lang='lat'>,</span> <span class='ocrx_word' id='word_1_166' title='bbox 683 1477 731 1528; x_wconf 82' lang='grc'><strong>8(</strong></span> <span class='ocrx_word' id='word_1_167' title='bbox 772 1477 948 1546; x_wconf 86' lang='lat' dir='ltr'><strong>postea</strong></span> <span class='ocrx_word' id='word_1_168' title='bbox 988 1479 1196 1530; x_wconf 87' lang='lat' dir='ltr'><strong>vitrum</strong></span> <span class='ocrx_word' id='word_1_169' title='bbox 1239 1473 1465 1530; x_wconf 88' lang='lat' dir='ltr'><strong>fluidum</strong></span> <span class='ocrx_word' id='word_1_170' title='bbox 1517 1476 1963 1536; x_wconf 81' lang='lat' dir='ltr'><strong>ferventiffimum</strong></span> <span class='ocrx_word' id='word_1_171' title='bbox 2008 1478 2039 1533; x_wconf 82' lang='grc' dir='ltr'>ὲ</span> 
     </span>
     <span class='ocr_line' id='line_1_20' title="bbox 231 1546 2037 1624; baseline -0.001 -20"><span class='ocrx_word' id='word_1_172' title='bbox 231 1551 476 1624; x_wconf 65' lang='lat' dir='ltr'><strong>praedieto</strong></span> <span class='ocrx_word' id='word_1_173' title='bbox 530 1548 787 1601; x_wconf 87' lang='lat' dir='ltr'><strong>foramine</strong></span> <span class='ocrx_word' id='word_1_174' title='bbox 843 1546 1143 1617; x_wconf 85' lang='lat' dir='ltr'><strong>egredietur</strong></span> <span class='ocrx_word' id='word_1_175' title='bbox 1191 1584 1207 1610; x_wconf 90' lang='lat'>,</span> <span class='ocrx_word' id='word_1_176' title='bbox 1262 1549 1410 1617; x_wconf 90' lang='lat' dir='ltr'><strong>quod</strong></span> <span class='ocrx_word' id='word_1_177' title='bbox 1448 1550 1555 1602; x_wconf 62' lang='lat' dir='ltr'><strong>cite&gt;</strong></span> <span class='ocrx_word' id='word_1_178' title='bbox 1595 1551 1662 1601; x_wconf 85' lang='lat' dir='ltr'><strong>ad</strong></span> <span class='ocrx_word' id='word_1_179' title='bbox 1699 1553 2037 1622; x_wconf 66' lang='lat' dir='ltr'><strong>conspe5&#39;tum</strong></span> 
     </span>
     <span class='ocr_line' id='line_1_21' title="bbox 234 1619 2038 1699; baseline -0.002 -19"><span class='ocrx_word' id='word_1_180' title='bbox 234 1629 368 1680; x_wconf 84' lang='lat' dir='ltr'><strong>aeris</strong></span> <span class='ocrx_word' id='word_1_181' title='bbox 406 1619 696 1675; x_wconf 84' lang='lat' dir='ltr'><strong>concrescet</strong></span> <span class='ocrx_word' id='word_1_182' title='bbox 723 1656 741 1684; x_wconf 91' lang='lat'><strong><em>,</em></strong></span> <span class='ocrx_word' id='word_1_183' title='bbox 780 1622 832 1676; x_wconf 84' lang='lat'>&amp;</span> <span class='ocrx_word' id='word_1_184' title='bbox 860 1621 1112 1673; x_wconf 86' lang='lat' dir='ltr'><strong>duritiem</strong></span> <span class='ocrx_word' id='word_1_185' title='bbox 1143 1619 1401 1690; x_wconf 79' lang='lat' dir='ltr'><strong>lapideam</strong></span> <span class='ocrx_word' id='word_1_186' title='bbox 1430 1659 1448 1687; x_wconf 83' lang='lat'>‚</span> <span class='ocrx_word' id='word_1_187' title='bbox 1479 1620 1924 1699; x_wconf 85' lang='lat' dir='ltr'><strong>frangibilemque</strong></span> <span class='ocrx_word' id='word_1_188' title='bbox 1952 1641 2038 1677; x_wconf 87' lang='lat' dir='ltr'><strong>ac-</strong></span> 
     </span>
    </p>

    <p class='ocr_par' dir='ltr' id='par_1_5' title="bbox 231 1709 2044 2545">
     <span class='ocr_line' id='line_1_22' title="bbox 276 1709 457 1749; baseline 0 -1"><span class='ocrx_word' id='word_1_189' title='bbox 276 1709 414 1749; x_wconf 80' lang='lat' dir='ltr'><strong>uiset</strong></span> <span class='ocrx_word' id='word_1_190' title='bbox 443 1734 457 1748; x_wconf 91' lang='lat'><strong>.</strong></span> 
     </span>
     <span class='ocr_line' id='line_1_23' title="bbox 234 1715 2035 1838; baseline -0.006 -13"><span class='ocrx_word' id='word_1_191' title='bbox 234 1715 274 1772; x_wconf 81' lang='lat' dir='ltr'>q</span> <span class='ocrx_word' id='word_1_192' title='bbox 381 1767 585 1824; x_wconf 89' lang='lat' dir='ltr'><strong>Eodem</strong></span> <span class='ocrx_word' id='word_1_193' title='bbox 614 1769 1003 1838; x_wconf 86' lang='lat' dir='ltr'><strong>propemodum</strong></span> <span class='ocrx_word' id='word_1_194' title='bbox 1031 1770 1192 1823; x_wconf 88' lang='lat' dir='ltr'><strong>modo</strong></span> <span class='ocrx_word' id='word_1_195' title='bbox 1221 1766 1695 1838; x_wconf 85' lang='lat' dir='ltr'><strong>philosophandum</strong></span> <span class='ocrx_word' id='word_1_196' title='bbox 1725 1773 1849 1827; x_wconf 88' lang='lat' dir='ltr'><strong>mihi</strong></span> <span class='ocrx_word' id='word_1_197' title='bbox 1883 1776 2035 1831; x_wconf 74' lang='lat' dir='ltr'><strong>vide.</strong></span> 
     </span>
     <span class='ocr_line' id='line_1_24' title="bbox 232 1841 2043 1918; baseline 0.002 -22"><span class='ocrx_word' id='word_1_198' title='bbox 232 1853 326 1896; x_wconf 76' lang='lat' dir='ltr'><strong>tur</strong></span> <span class='ocrx_word' id='word_1_199' title='bbox 366 1843 433 1894; x_wconf 91' lang='lat' dir='ltr'><strong>de</strong></span> <span class='ocrx_word' id='word_1_200' title='bbox 470 1841 676 1894; x_wconf 81' lang='lat' dir='ltr'><strong>AEtnaeis</strong></span> <span class='ocrx_word' id='word_1_201' title='bbox 715 1842 1210 1914; x_wconf 87' lang='lat' dir='ltr'><strong>conflagrationibus</strong></span> <span class='ocrx_word' id='word_1_202' title='bbox 1243 1879 1256 1893; x_wconf 90' lang='lat'><strong><em>.</em></strong></span> <span class='ocrx_word' id='word_1_203' title='bbox 1315 1841 1675 1911; x_wconf 81' lang='lat' dir='ltr'><strong>Cogitandum</strong></span> <span class='ocrx_word' id='word_1_204' title='bbox 1717 1847 1790 1898; x_wconf 85' lang='lat' dir='ltr'><strong>est</strong></span> <span class='ocrx_word' id='word_1_205' title='bbox 1828 1849 1877 1899; x_wconf 91' lang='lat' dir='ltr'><strong>in</strong></span> <span class='ocrx_word' id='word_1_206' title='bbox 1916 1865 2043 1918; x_wconf 87' lang='lat' dir='ltr'><strong>pro-</strong></span> 
     </span>
     <span class='ocr_line' id='line_1_25' title="bbox 231 1914 2044 1983; baseline 0.003 -15"><span class='ocrx_word' id='word_1_207' title='bbox 231 1914 566 1983; x_wconf 75' lang='lat' dir='ltr'><strong>fundioribus</strong></span> <span class='ocrx_word' id='word_1_208' title='bbox 594 1950 610 1976; x_wconf 87' lang='lat'><strong><em>,</em></strong></span> <span class='ocrx_word' id='word_1_209' title='bbox 650 1915 698 1967; x_wconf 83' lang='grc'><strong>8(</strong></span> <span class='ocrx_word' id='word_1_210' title='bbox 740 1915 1042 1969; x_wconf 85' lang='lat' dir='ltr'><strong>lateralibus</strong></span> <span class='ocrx_word' id='word_1_211' title='bbox 1081 1916 1245 1971; x_wconf 80' lang='lat' dir='ltr'><strong>AEtnae</strong></span> <span class='ocrx_word' id='word_1_212' title='bbox 1276 1914 1523 1968; x_wconf 83' lang='lat' dir='ltr'><strong>cuniculis</strong></span> <span class='ocrx_word' id='word_1_213' title='bbox 1552 1916 1730 1970; x_wconf 71' lang='lat' dir='ltr'><strong>clausis</strong></span> <span class='ocrx_word' id='word_1_214' title='bbox 1758 1936 2044 1976; x_wconf 88' lang='lat' dir='ltr'><strong>coacerva-</strong></span> 
     </span>
     <span class='ocr_line' id='line_1_26' title="bbox 231 1983 2043 2054; baseline 0.003 -13"><span class='ocrx_word' id='word_1_215' title='bbox 231 1983 343 2041; x_wconf 77' lang='lat' dir='ltr'><strong>tam</strong></span> <span class='ocrx_word' id='word_1_216' title='bbox 381 1991 660 2040; x_wconf 86' lang='lat' dir='ltr'><strong>materiam</strong></span> <span class='ocrx_word' id='word_1_217' title='bbox 698 1987 1048 2040; x_wconf 76' lang='lat' dir='ltr'><strong>accensibilem</strong></span> <span class='ocrx_word' id='word_1_218' title='bbox 1091 1989 1192 2040; x_wconf 81' lang='lat' dir='ltr'><strong>effe</strong></span> <span class='ocrx_word' id='word_1_219' title='bbox 1232 2025 1248 2050; x_wconf 90' lang='lat'>‚</span> <span class='ocrx_word' id='word_1_220' title='bbox 1303 2000 1422 2054; x_wconf 84' lang='lat' dir='ltr'><strong>quae</strong></span> <span class='ocrx_word' id='word_1_221' title='bbox 1462 1986 1809 2043; x_wconf 87' lang='lat' dir='ltr'><strong>vehementer</strong></span> <span class='ocrx_word' id='word_1_222' title='bbox 1849 1994 2043 2048; x_wconf 83' lang='lat' dir='ltr'><strong>confla-</strong></span> 
     </span>
     <span class='ocr_line' id='line_1_27' title="bbox 233 2057 2042 2131; baseline 0.005 -21"><span class='ocrx_word' id='word_1_223' title='bbox 233 2061 381 2131; x_wconf 86' lang='lat' dir='ltr'><strong>grari</strong></span> <span class='ocrx_word' id='word_1_224' title='bbox 421 2057 575 2125; x_wconf 85' lang='lat' dir='ltr'><strong>poffit</strong></span> <span class='ocrx_word' id='word_1_225' title='bbox 604 2097 620 2121; x_wconf 82' lang='lat'>‚</span> <span class='ocrx_word' id='word_1_226' title='bbox 663 2069 725 2107; x_wconf 91' lang='lat' dir='ltr'><strong>ut</strong></span> <span class='ocrx_word' id='word_1_227' title='bbox 764 2058 942 2125; x_wconf 88' lang='lat' dir='ltr'><strong>pulvis</strong></span> <span class='ocrx_word' id='word_1_228' title='bbox 972 2063 1196 2110; x_wconf 88' lang='lat' dir='ltr'><strong>nitratus</strong></span> <span class='ocrx_word' id='word_1_229' title='bbox 1227 2058 1440 2111; x_wconf 88' lang='lat' dir='ltr'><strong>bellicus</strong></span> <span class='ocrx_word' id='word_1_230' title='bbox 1469 2073 1484 2109; x_wconf 66' lang='grc' dir='ltr'><em>ι</em></span> <span class='ocrx_word' id='word_1_231' title='bbox 1515 2058 1565 2110; x_wconf 80' lang='grc' dir='ltr'><strong>ὃ(</strong></span> <span class='ocrx_word' id='word_1_232' title='bbox 1607 2059 1814 2130; x_wconf 90' lang='lat' dir='ltr'><strong>insuper</strong></span> <span class='ocrx_word' id='word_1_233' title='bbox 1845 2065 2042 2119; x_wconf 86' lang='lat' dir='ltr'><strong>habeat</strong></span> 
     </span>
     <span class='ocr_line' id='line_1_28' title="bbox 236 2128 2039 2202; baseline -0.001 -19"><span class='ocrx_word' id='word_1_234' title='bbox 236 2129 497 2202; x_wconf 86' lang='lat' dir='ltr'><strong>pabulum</strong></span> <span class='ocrx_word' id='word_1_235' title='bbox 541 2128 855 2183; x_wconf 87' lang='lat' dir='ltr'><strong>diuturnum</strong></span> <span class='ocrx_word' id='word_1_236' title='bbox 891 2169 909 2196; x_wconf 87' lang='lat'>‚</span> <span class='ocrx_word' id='word_1_237' title='bbox 971 2131 1018 2183; x_wconf 85' lang='lat'>&amp;</span> <span class='ocrx_word' id='word_1_238' title='bbox 1059 2130 1402 2199; x_wconf 80' lang='lat' dir='ltr'><strong>perseverans</strong></span> <span class='ocrx_word' id='word_1_239' title='bbox 1441 2165 1457 2191; x_wconf 90' lang='lat'>,</span> <span class='ocrx_word' id='word_1_240' title='bbox 1513 2131 1661 2202; x_wconf 92' lang='lat' dir='ltr'><strong>quod</strong></span> <span class='ocrx_word' id='word_1_241' title='bbox 1697 2147 1792 2186; x_wconf 86' lang='lat' dir='ltr'><strong>aut</strong></span> <span class='ocrx_word' id='word_1_242' title='bbox 1828 2137 2039 2191; x_wconf 76' lang='lat' dir='ltr'><strong>aliunde</strong></span> 
     </span>
     <span class='ocr_line' id='line_1_29' title="bbox 231 2202 2040 2272; baseline 0.004 -17"><span class='ocrx_word' id='word_1_243' title='bbox 231 2202 649 2260; x_wconf 82' lang='lat' dir='ltr'><strong>subministretur</strong></span> <span class='ocrx_word' id='word_1_244' title='bbox 680 2216 776 2269; x_wconf 86' lang='lat' dir='ltr'><strong>per</strong></span> <span class='ocrx_word' id='word_1_245' title='bbox 805 2214 956 2255; x_wconf 87' lang='lat' dir='ltr'><strong>terrae</strong></span> <span class='ocrx_word' id='word_1_246' title='bbox 984 2205 1291 2270; x_wconf 81' lang='lat' dir='ltr'><strong>porofitates</strong></span> <span class='ocrx_word' id='word_1_247' title='bbox 1319 2242 1334 2268; x_wconf 89' lang='lat'>‚</span> <span class='ocrx_word' id='word_1_248' title='bbox 1367 2216 1459 2254; x_wconf 84' lang='lat' dir='ltr'><strong>aut</strong></span> <span class='ocrx_word' id='word_1_249' title='bbox 1490 2204 1680 2258; x_wconf 87' lang='lat' dir='ltr'><strong>ibidem</strong></span> <span class='ocrx_word' id='word_1_250' title='bbox 1711 2209 1918 2272; x_wconf 83' lang='lat' dir='ltr'><strong>existat,</strong></span> <span class='ocrx_word' id='word_1_251' title='bbox 1949 2207 2040 2262; x_wconf 85' lang='lat' dir='ltr'><strong>sed</strong></span> 
     </span>
     <span class='ocr_line' id='line_1_30' title="bbox 234 2272 2042 2350; baseline 0.003 -21"><span class='ocrx_word' id='word_1_252' title='bbox 234 2276 354 2329; x_wconf 83' lang='lat' dir='ltr'><strong>talis</strong></span> <span class='ocrx_word' id='word_1_253' title='bbox 393 2272 721 2329; x_wconf 72' lang='lat' dir='ltr'><strong>consistentia:</strong></span> <span class='ocrx_word' id='word_1_254' title='bbox 757 2312 773 2338; x_wconf 88' lang='lat'>,</span> <span class='ocrx_word' id='word_1_255' title='bbox 830 2288 890 2327; x_wconf 89' lang='lat' dir='ltr'><strong>ut</strong></span> <span class='ocrx_word' id='word_1_256' title='bbox 932 2277 1304 2332; x_wconf 86' lang='lat' dir='ltr'><strong>tantummodo</strong></span> <span class='ocrx_word' id='word_1_257' title='bbox 1338 2274 1448 2337; x_wconf 88' lang='lat' dir='ltr'><strong>ejus</strong></span> <span class='ocrx_word' id='word_1_258' title='bbox 1478 2277 1824 2345; x_wconf 85' lang='lat' dir='ltr'><strong>superficiales</strong></span> <span class='ocrx_word' id='word_1_259' title='bbox 1863 2295 2042 2350; x_wconf 83' lang='lat' dir='ltr'><strong>partes</strong></span> 
     </span>
     <span class='ocr_line' id='line_1_31' title="bbox 231 2344 2036 2424; baseline 0.003 -22"><span class='ocrx_word' id='word_1_260' title='bbox 231 2347 478 2404; x_wconf 84' lang='lat' dir='ltr'><strong>comburi</strong></span> <span class='ocrx_word' id='word_1_261' title='bbox 516 2347 566 2398; x_wconf 75' lang='grc' dir='ltr'><strong>ὅ(</strong></span> <span class='ocrx_word' id='word_1_262' title='bbox 605 2344 914 2401; x_wconf 86' lang='lat' dir='ltr'><strong>inflammari</strong></span> <span class='ocrx_word' id='word_1_263' title='bbox 942 2349 1130 2415; x_wconf 86' lang='lat' dir='ltr'><strong>poffint</strong></span> <span class='ocrx_word' id='word_1_264' title='bbox 1159 2388 1176 2415; x_wconf 86' lang='lat'>‚</span> <span class='ocrx_word' id='word_1_265' title='bbox 1208 2353 1302 2405; x_wconf 81' lang='lat' dir='ltr'><strong>illae</strong></span> <span class='ocrx_word' id='word_1_266' title='bbox 1341 2352 1588 2404; x_wconf 87' lang='lat' dir='ltr'><strong>nimirum</strong></span> <span class='ocrx_word' id='word_1_267' title='bbox 1628 2385 1643 2411; x_wconf 89' lang='lat'><strong><em>,</em></strong></span> <span class='ocrx_word' id='word_1_268' title='bbox 1701 2367 1820 2424; x_wconf 88' lang='lat' dir='ltr'><strong>quae</strong></span> <span class='ocrx_word' id='word_1_269' title='bbox 1856 2371 2036 2408; x_wconf 88' lang='lat' dir='ltr'><strong>aerem</strong></span> 
     </span>
     <span class='ocr_line' id='line_1_32' title="bbox 233 2418 2044 2545; baseline 0.004 -72"><span class='ocrx_word' id='word_1_270' title='bbox 233 2433 463 2545; x_wconf 49' lang='lat' dir='ltr'><strong>garligunt</strong></span> <span class='ocrx_word' id='word_1_271' title='bbox 490 2456 509 2484; x_wconf 91' lang='lat'>‚</span> <span class='ocrx_word' id='word_1_272' title='bbox 543 2434 650 2471; x_wconf 88' lang='lat' dir='ltr'><strong>non</strong></span> <span class='ocrx_word' id='word_1_273' title='bbox 682 2435 816 2474; x_wconf 83' lang='lat' dir='ltr'><strong>vero</strong></span> <span class='ocrx_word' id='word_1_274' title='bbox 843 2418 1212 2492; x_wconf 87' lang='lat' dir='ltr'><strong>profundiores</strong></span> <span class='ocrx_word' id='word_1_275' title='bbox 1241 2462 1257 2490; x_wconf 92' lang='lat'><strong><em>,</em></strong></span> <span class='ocrx_word' id='word_1_276' title='bbox 1288 2438 1349 2477; x_wconf 87' lang='lat' dir='ltr'><strong>ut</strong></span> <span class='ocrx_word' id='word_1_277' title='bbox 1379 2425 1629 2494; x_wconf 84' lang='lat' dir='ltr'><strong>contingit</strong></span> <span class='ocrx_word' id='word_1_278' title='bbox 1656 2424 1705 2476; x_wconf 90' lang='lat' dir='ltr'><strong>in</strong></span> <span class='ocrx_word' id='word_1_279' title='bbox 1734 2432 1894 2481; x_wconf 87' lang='lat' dir='ltr'><strong>cereis</strong></span> <span class='ocrx_word' id='word_1_280' title='bbox 1924 2443 2044 2481; x_wconf 87' lang='lat' dir='ltr'><strong>can-</strong></span> 
     </span>
    </p>

    <p class='ocr_par' dir='ltr' id='par_1_6' title="bbox 277 2508 413 2545">
     <span class='ocr_line' id='line_1_33' title="bbox 277 2508 413 2545; baseline -0.015 0"><span class='ocrx_word' id='word_1_281' title='bbox 277 2508 303 2545; x_wconf 89' lang='lat' dir='ltr'><strong>e</strong></span> <span class='ocrx_word' id='word_1_282' title='bbox 327 2508 366 2544; x_wconf 82' lang='lat' dir='ltr'><strong>is</strong></span> <span class='ocrx_word' id='word_1_283' title='bbox 398 2530 413 2543; x_wconf 89' lang='lat'>.</span> 
     </span>
    </p>

    <p class='ocr_par' dir='ltr' id='par_1_7' title="bbox 232 2563 2048 3006">
     <span class='ocr_line' id='line_1_34' title="bbox 383 2563 2046 2646; baseline 0.001 -26"><span class='ocrx_word' id='word_1_284' title='bbox 383 2563 490 2619; x_wconf 80' lang='lat' dir='ltr'><strong>His</strong></span> <span class='ocrx_word' id='word_1_285' title='bbox 529 2566 699 2634; x_wconf 73' lang='lat' dir='ltr'><strong>positis</strong></span> <span class='ocrx_word' id='word_1_286' title='bbox 740 2566 879 2625; x_wconf 88' lang='lat' dir='ltr'><strong>effici</strong></span> <span class='ocrx_word' id='word_1_287' title='bbox 921 2572 1092 2642; x_wconf 78' lang='lat' dir='ltr'><strong>potest</strong></span> <span class='ocrx_word' id='word_1_288' title='bbox 1136 2572 1550 2628; x_wconf 84' lang='lat' dir='ltr'><strong>inflammationis</strong></span> <span class='ocrx_word' id='word_1_289' title='bbox 1594 2573 1802 2629; x_wconf 88' lang='lat' dir='ltr'><strong>initium</strong></span> <span class='ocrx_word' id='word_1_290' title='bbox 1835 2578 1883 2628; x_wconf 87' lang='lat' dir='ltr'><strong>in</strong></span> <span class='ocrx_word' id='word_1_291' title='bbox 1915 2591 2046 2646; x_wconf 82' lang='lat' dir='ltr'><strong>prae-</strong></span> 
     </span>
     <span class='ocr_line' id='line_1_35' title="bbox 232 2637 2043 2722; baseline 0.002 -24"><span class='ocrx_word' id='word_1_292' title='bbox 232 2637 383 2694; x_wconf 60' lang='lat' dir='ltr'><strong>difiis</strong></span> <span class='ocrx_word' id='word_1_293' title='bbox 411 2640 659 2693; x_wconf 81' lang='lat' dir='ltr'><strong>cuniculis</strong></span> <span class='ocrx_word' id='word_1_294' title='bbox 690 2639 856 2696; x_wconf 83' lang='lat' dir='ltr'><strong>AEtnae</strong></span> <span class='ocrx_word' id='word_1_295' title='bbox 895 2646 1132 2715; x_wconf 88' lang='lat' dir='ltr'><strong>undique</strong></span> <span class='ocrx_word' id='word_1_296' title='bbox 1168 2649 1344 2700; x_wconf 79' lang='lat' dir='ltr'><strong>claufis</strong></span> <span class='ocrx_word' id='word_1_297' title='bbox 1371 2688 1394 2716; x_wconf 5' lang='lat' dir='ltr'><strong>p,</strong></span> <span class='ocrx_word' id='word_1_298' title='bbox 1436 2645 1519 2699; x_wconf 86' lang='lat' dir='ltr'><strong>sed</strong></span> <span class='ocrx_word' id='word_1_299' title='bbox 1549 2647 1750 2714; x_wconf 81' lang='lat' dir='ltr'><strong>exiguis</strong></span> <span class='ocrx_word' id='word_1_300' title='bbox 1782 2647 2043 2722; x_wconf 84' lang='lat' dir='ltr'><strong>aliquibus</strong></span> 
     </span>
     <span class='ocr_line' id='line_1_36' title="bbox 233 2711 2040 2792; baseline 0.003 -25"><span class='ocrx_word' id='word_1_301' title='bbox 233 2711 503 2783; x_wconf 75' lang='lat' dir='ltr'><strong>spiraculis</strong></span> <span class='ocrx_word' id='word_1_302' title='bbox 538 2715 836 2781; x_wconf 76' lang='lat' dir='ltr'><strong>patentibus</strong></span> <span class='ocrx_word' id='word_1_303' title='bbox 864 2737 883 2785; x_wconf 83' lang='lat'><strong>,-</strong></span> <span class='ocrx_word' id='word_1_304' title='bbox 923 2716 953 2773; x_wconf 75' lang='grc' dir='ltr'>ὲ</span> <span class='ocrx_word' id='word_1_305' title='bbox 983 2732 1092 2792; x_wconf 85' lang='lat' dir='ltr'><strong>qua</strong></span> <span class='ocrx_word' id='word_1_306' title='bbox 1122 2718 1360 2790; x_wconf 78' lang='lat' dir='ltr'><strong>deinceps</strong></span> <span class='ocrx_word' id='word_1_307' title='bbox 1390 2719 1620 2775; x_wconf 86' lang='lat' dir='ltr'><strong>ambiens</strong></span> <span class='ocrx_word' id='word_1_308' title='bbox 1649 2730 1792 2773; x_wconf 79' lang='lat' dir='ltr'><strong>terra</strong></span> <span class='ocrx_word' id='word_1_309' title='bbox 1831 2758 1848 2785; x_wconf 87' lang='lat'>,</span> <span class='ocrx_word' id='word_1_310' title='bbox 1888 2722 1935 2775; x_wconf 74' lang='grc'><strong>8(</strong></span> <span class='ocrx_word' id='word_1_311' title='bbox 1968 2722 2040 2773; x_wconf 86' lang='lat' dir='ltr'><strong>sa-</strong></span> 
     </span>
     <span class='ocr_line' id='line_1_37' title="bbox 233 2785 2046 2864; baseline 0.001 -22"><span class='ocrx_word' id='word_1_312' title='bbox 233 2802 307 2842; x_wconf 83' lang='lat' dir='ltr'><strong>xa</strong></span> <span class='ocrx_word' id='word_1_313' title='bbox 335 2785 639 2842; x_wconf 85' lang='lat' dir='ltr'><strong>vehementi</strong></span> <span class='ocrx_word' id='word_1_314' title='bbox 683 2790 800 2858; x_wconf 84' lang='lat' dir='ltr'><strong>igne</strong></span> <span class='ocrx_word' id='word_1_315' title='bbox 843 2791 1158 2845; x_wconf 65' lang='lat' dir='ltr'><strong>excalefaeia</strong></span> <span class='ocrx_word' id='word_1_316' title='bbox 1197 2793 1469 2864; x_wconf 88' lang='lat' dir='ltr'><strong>liquefiant</strong></span> <span class='ocrx_word' id='word_1_317' title='bbox 1499 2829 1515 2857; x_wconf 90' lang='lat'>‚</span> <span class='ocrx_word' id='word_1_318' title='bbox 1553 2803 1614 2842; x_wconf 87' lang='lat' dir='ltr'><strong>ut</strong></span> <span class='ocrx_word' id='word_1_319' title='bbox 1645 2795 1696 2843; x_wconf 91' lang='lat' dir='ltr'><strong>in</strong></span> <span class='ocrx_word' id='word_1_320' title='bbox 1723 2791 1934 2847; x_wconf 81' lang='lat' dir='ltr'><strong>fornace</strong></span> <span class='ocrx_word' id='word_1_321' title='bbox 1962 2795 2046 2847; x_wconf 73' lang='lat' dir='ltr'><strong>vi-</strong></span> 
     </span>
     <span class='ocr_line' id='line_1_38' title="bbox 235 2860 2043 2934; baseline 0.002 -20"><span class='ocrx_word' id='word_1_322' title='bbox 235 2860 402 2912; x_wconf 86' lang='lat' dir='ltr'><strong>traria</strong></span> <span class='ocrx_word' id='word_1_323' title='bbox 439 2861 694 2931; x_wconf 85' lang='lat' dir='ltr'><strong>contingit</strong></span> <span class='ocrx_word' id='word_1_324' title='bbox 728 2899 740 2913; x_wconf 93' lang='lat'><strong><em>.</em></strong></span> <span class='ocrx_word' id='word_1_325' title='bbox 779 2862 963 2918; x_wconf 84' lang='lat' dir='ltr'><strong>Postea</strong></span> <span class='ocrx_word' id='word_1_326' title='bbox 993 2864 1450 2934; x_wconf 84' lang='lat' dir='ltr'><strong>superabundante</strong></span> <span class='ocrx_word' id='word_1_327' title='bbox 1477 2866 1697 2921; x_wconf 86' lang='lat' dir='ltr'><strong>fervore</strong></span> <span class='ocrx_word' id='word_1_328' title='bbox 1723 2903 1740 2930; x_wconf 85' lang='lat'><strong><em>,</em></strong></span> <span class='ocrx_word' id='word_1_329' title='bbox 1780 2867 1828 2919; x_wconf 85' lang='lat'>&amp;</span> <span class='ocrx_word' id='word_1_330' title='bbox 1873 2870 2043 2918; x_wconf 88' lang='lat' dir='ltr'><strong>incen—</strong></span> 
     </span>
     <span class='ocr_line' id='line_1_39' title="bbox 241 2931 2048 3006; baseline 0.002 -19"><span class='ocrx_word' id='word_1_331' title='bbox 241 2932 333 2987; x_wconf 87' lang='lat' dir='ltr'><strong>dio</strong></span> <span class='ocrx_word' id='word_1_332' title='bbox 368 2965 386 2999; x_wconf 88' lang='lat'>‚</span> <span class='ocrx_word' id='word_1_333' title='bbox 442 2931 619 3004; x_wconf 73' lang='lat' dir='ltr'><strong>primo</strong></span> <span class='ocrx_word' id='word_1_334' title='bbox 648 2935 823 2990; x_wconf 82' lang='lat' dir='ltr'><strong>crusta</strong></span> <span class='ocrx_word' id='word_1_335' title='bbox 852 2944 1048 2993; x_wconf 88' lang='lat' dir='ltr'><strong>montis</strong></span> <span class='ocrx_word' id='word_1_336' title='bbox 1074 2943 1403 2995; x_wconf 87' lang='lat' dir='ltr'><strong>concutietur</strong></span> <span class='ocrx_word' id='word_1_337' title='bbox 1446 2975 1463 3006; x_wconf 83' lang='grc'><strong><em>,</em></strong></span> <span class='ocrx_word' id='word_1_338' title='bbox 1513 2941 1564 2995; x_wconf 78' lang='grc' dir='ltr'><strong>δ(</strong></span> <span class='ocrx_word' id='word_1_339' title='bbox 1607 2936 1673 2992; x_wconf 84' lang='lat' dir='ltr'><strong>fic</strong></span> <span class='ocrx_word' id='word_1_340' title='bbox 1709 2951 2048 2994; x_wconf 66' lang='lat' dir='ltr'><strong>terraemotus</strong></span> 
     </span>
    </p>

    <p class='ocr_par' dir='ltr' id='par_1_8' title="bbox 1833 3024 1957 3066">
     <span class='ocr_line' id='line_1_40' title="bbox 1833 3024 1957 3066; baseline -0.008 0"><span class='ocrx_word' id='word_1_341' title='bbox 1833 3024 1957 3066; x_wconf 80' lang='lat' dir='ltr'><strong>ante</strong></span> 
     </span>
    </p>
   </div>
  </div>
 </body>
</html>
