2373 3340
418 178 493 228 92
646 153 753 209 DE
804 148 1125 208 vEsuvn
1171 145 1904 210 coNFLAGRA'nONE

337 287 407 341 eis
453 282 568 356 post
618 280 794 338 diebus
831 298 858 334 e
893 280 1021 336 vita
1056 278 1364 352 exccffirint
1397 317 1410 332 .
1465 275 1524 332 E
1528 292 1568 330 x
1621 294 1723 350 quo
1774 279 1946 333 etiam
2002 278 2155 337 illud

334 354 565 430 affulget
605 394 621 422 ‚
655 356 893 433 primum
909 350 1265 428 subitumque
1290 349 1532 427 effl’ffium
1557 350 1752 405 cineris
1778 350 1872 424 “ffi’
1899 388 1915 415 ‚
1956 364 2024 406 ut
2054 370 2139 408 ca—

324 441 432 505 put
463 443 790 498 mentemque
825 428 1016 484 turbet
1054 427 1165 500 ejus
1204 463 1221 492 ,
1272 428 1365 500 qui
1393 420 1684 498 illumsub
1716 423 1800 476 dio
1825 463 1847 492 ‚
1893 425 2149 501 nulloque

322 502 557 578 praesidio
593 502 765 559 tetJus
805 503 1042 575 excipiat
1071 541 1086 555 .

477 579 762 648 Aquae-um
800 576 1016 630 occultae
1052 591 1195 630 vena
1245 572 1465 628 nullum
1519 569 1911 626 detrimentum
1942 569 2096 643 paffae
2124 592 2142 628 ε

333 667 496 723 eaque
528 650 828 703 dumtaxat
858 685 872 709 ‚
911 665 1022 720 quae
1049 651 1240 703 hiante
1269 645 1623 717 cisternarum
1650 659 1739 696 ore
1771 644 1964 697 cineres
2003 661 2144 698 acce·-

319 733 519 797 perant
578 758 594 785 ‚
662 720 973 772 amaritiem
1011 719 1332 770 nonnullam
1367 753 1384 777 ,
1423 735 1537 786 quae
1574 716 1677 771 vix
1705 716 1780 768 ad
1806 726 1998 787 paucas
2037 717 2141 772 dies

327 797 511 849 tenuit
546 831 560 857 ‚
589 799 991 847 contraxerunt
1020 827 1035 842 .
1409 827 1411 830 .
1626 826 1628 829 .

441 868 803 921 Ofiavianum
836 858 1115 915 horribilis
1142 874 1343 932 quoque
1369 851 1682 929 Vesuvianae
1708 860 1946 912 materia
1963 875 2142 932 gran-

333 939 395 994 do
432 937 676 1014 infastum
715 935 911 990 habuit
954 953 970 1000 3
1010 951 1120 1008 quae
1152 942 1355 1005 praeter
1396 931 1677 983 minutum
1714 929 1938 983 cinerem
1967 969 1981 992 ,
2015 934 2142 1005 gla-

332 1029 481 1066 ream
509 1013 677 1065 etiam
706 1046 720 1070 ‚
749 1002 1037 1084 lapidesque
1066 1022 1169 1059 non
1198 1001 1609 1076 rnodicossecum
1627 995 1852 1073 ferebat
1880 1019 1897 1053 ε
1955 1003 2147 1075 itaque

310 1081 491 1154 Jblum
513 1082 723 1153 partim
752 1091 864 1131 tres
896 1116 909 1140 ‚
931 1079 1144 1148 partim
1171 1087 1416 1148 quatuor
1444 1111 1461 1138 ‚
1495 1074 1709 1149 partim
1753 1074 1988 1146 quinque
2032 1092 2143 1129 am-

316 1154 462 1229 plius
497 1152 696 1227 palmos
734 1146 1016 1221 excrevsse
1047 1185 1061 1211 ‚
1091 1163 1152 1202 ac
1180 1159 1390 1201 tumere
1416 1144 1713 1203 videbatur
1741 1186 1755 1200 .
1794 1143 1847 1199 T
1848 1157 1981 1198 anto
2011 1146 2136 1204 huic

326 1228 477 1280 oneri
499 1225 867 1300 plurimarum
896 1225 1086 1277 aea'ium
1113 1219 1257 1273 teffa
1269 1217 1600 1291 succubuere
1629 1235 1645 1269 e
1683 1234 1790 1288 qua
1816 1219 1989 1271 ruina
2016 1230 2128 1273 tres

324 1315 482 1352 sacrae
525 1299 635 1350 Deo
674 1295 918 1366 Virgines
947 1289 1175 1365 oppreffae
1206 1327 1222 1353 ,
1260 1291 1683 1357 exanimumque
1710 1306 1731 1341 .·
1767 1300 1980 1360 quarta·
2010 1308 2131 1346 cru-

324 1386 393 1424 ra
421 1367 697 1447 canfraiia
727 1408 738 1420 .
768 1364 1067 1421 Arboribus
1095 1365 1271 1419 minus
1299 1359 1620 1415 detrimenti
1637 1356 1764 1435 fuit
1793 1379 1811 1414 .-
1841 1378 1963 1415 cum
1991 1366 2136 1420 enim

319 1441 508 1498 crebra
565 1440 832 1512 majorum
889 1454 1185 1494 arenarum
1239 1433 1652 1509 lapillorumque
1695 1434 1970 1505 grandine
2011 1436 2138 1506 jam

321 1527 486 1569 antea
525 1515 738 1570 nudatae
767 1510 1054 1583 frondibus
1093 1507 1255 1578 cffi’nt
1291 1542 1307 1564 2
1369 1505 1556 1559 nullus
1594 1500 1912 1573 succedenti
1964 1509 2137 1563 cineri

302 1583 609 1660 substdendi
632 1624 648 1650 ‚
680 1583 1077 1655 adhaerendique
1105 1581 1248 1634 locus
1263 1574 1390 1653 fuit
1421 1595 1438 1630 τ
1464 1579 1652 1649 itaque
1662 1575 1867 1647 statim
1886 1576 2140 1648 pullula-

316 1674 376 1713 re
413 1660 616 1712 iterum
647 1692 662 1719 ‚
717 1652 965 1728 novisque
1007 1649 1296 1729 frondibus
1322 1647 1608 1720 convestiri
1636 1686 1650 1700 .
1707 1648 1892 1703 Solum
1951 1663 2140 1707 autem

314 1727 475 1804 usque
500 1748 556 1785 eo
594 1728 857 1784 obrutum
884 1730 1089 1800 ingenti
1124 1725 1314 1781 cineris
1343 1760 1360 1787 ‚
1398 1722 1639 1796 lapidum
1668 1758 1682 1783 ‚
1726 1737 1998 1792 arenaeque
2028 1725 2133 1778 col..

316 1803 468 1860 luvie
504 1840 520 1866 ,
576 1815 742 1873 atque
770 1810 1081 1872 occupatum
1109 1810 1233 1853 erat
1262 1837 1279 1863 ,
1318 1797 1422 1854 vix·
1450 1807 1519 1851 ut
1553 1795 1731 1850 multo
1761 1793 1942 1848 labare
1974 1831 1991 1856 ‚
2023 1797 2143 1852 lon-

305 1892 485 1949 gaque
512 1876 593 1928 die
620 1875 692 1928 ad
716 1873 929 1928 cultum
958 1873 1202 1927 revocari
1231 1909 1246 1934 ‚
1275 1871 1624 1944 repararique
1641 1865 1775 1942 paffl’
1801 1868 2092 1923 videretur
2116 1908 2134 1923 .

459 1947 613 2004 Nolae
642 1984 657 2009 ‚
689 1945 828 2020 quod
850 1943 919 1998 ad
945 1945 1139 1998 cineres
1178 1945 1391 1998 attinet
1421 1977 1437 2004 ‚
1466 1941 1641 1993 eadem
1657 1939 1903 2012 fortuna
1947 1937 2079 2013 fuit
2109 1961 2130 2009 3

314 2019 478 2075 nulla
517 2031 701 2074 tamen
730 2018 916 2069 aedium
943 2015 1085 2069 labes
1116 2051 1128 2064 .
1158 2015 1212 2068 F
1213 2014 1419 2086 encstrae
1446 2013 1638 2066 vitreae
1658 2012 1919 2084 pleraeque
1931 2013 2132 2086 fraii‘ae

312 2093 551 2167 maleque
579 2089 777 2146 habitae
816 2090 1018 2162 impetu
1047 2087 1332 2141 ruentium
1360 2082 1712 2157 lapillorum<
1724 2084 1784 2136 id
1808 2088 1948 2156 quod
1972 2083 2134 2138 Osta-

313 2169 459 2219 vjani
501 2181 701 2237 quoque
731 2201 746 2226 ,
787 2164 1123 2232 Summaeque
1163 2158 1430 2214 acciderat
1473 2162 1501 2222 J
1553 2159 1620 2211 iis
1675 2157 1978 2211 dumtaxat
2037 2159 2122 2211 in-

314 2238 588 2294 demnibus
618 2231 940 2307 intaiiifque
968 2269 985 2297 ‚
1042 2249 1171 2307 quas
1213 2232 1375 2286 licuit
1416 2243 1622 2284 amotas
1652 2232 1711 2284 in
1740 2240 1873 2282 tuto
1891 2241 2084 2302 ponere
2116 2269 2130 2282 .

311 2311 428 2366 Hac
458 2323 643 2366 autem
670 2309 730 2361 de
756 2308 868 2360 illis
897 2306 1037 2360 modo
1080 2306 1277 2361 vitreis
1319 2301 1566 2378 fenestris
1603 2300 1809 2356 dibium
1848 2302 2098 2357 volumus
2112 2338 2128 2366 ,

311 2401 421 2456 quae
451 2395 614 2438 vento
640 2377 1053 2453 grandiusculus
1081 2394 1272 2431 arenas
1315 2372 1623 2449 lapillofque
1650 2374 1816 2428 cienti
1855 2409 1873 2435 ‚
1929 2391 2129 2446 urgen-

309 2457 462 2528 tique
489 2467 652 2508 erant
681 2450 885 2522 objeiiae
918 2472 941 2504 ¹.
979 2448 1222 2524 Bismille
1251 2452 1414 2506 ultra
1456 2447 1658 2504 Nolam
1690 2441 1916 2521 pcffbus
1956 2462 2123 2519 neque

310 2540 505 2583 tantus
536 2527 730 2580 cineris
758 2523 926 2577 imber
957 2563 969 2587 ,
1001 2541 1163 2596 neque
1190 2535 1359 2578 tanta
1400 2525 1546 2596 agris
1570 2516 1933 2595 frugibusque
1971 2520 2117 2573 cala-

309 2603 471 2654 mitas
501 2595 695 2669 insedit
735 2636 751 2664 ‚
807 2608 874 2651 ut
940 2615 1059 2651 cum
1114 2607 1530 2652 memoratorum
1561 2596 1793 2649 locorum
1824 2591 1972 2645 clade
1998 2608 2119 2646 can-

296 2669 448 2751 ferri
467 2673 620 2749 poffit
649 2711 662 2726 .
693 2673 760 2727 Id
783 2669 1164 2740 nonstlendum
1194 2707 1208 2731 ‚
1224 2667 1450 2746 fruHus
1480 2703 1495 2727 ‚
1544 2669 1876 2736 maximeque
1931 2656 2112 2731 cerasa

303 2743 604 2819 Vffuviano
642 2748 815 2801 cinere
850 2742 1005 2797 tabia
1035 2743 1115 2797 his
1146 2781 1160 2805 ,
1190 2742 1285 2798 aui
1325 2738 1701 2808 incotfiderate
1740 2738 1846 2792 illa
1888 2734 2116 2788 camede-

303 2832 440 2875 rant
469 2857 484 2884 ‚
513 2816 587 2876 &³
614 2815 830 2887 maviffi’
864 2829 1108 2872 ventrem
1138 2853 1151 2878 ,
1182 2812 1256 2872 ἔθ’
1268 2811 1447 2888 febres
1478 2815 1646 2867 etiam
1676 2804 1925 2877 excivisse
1959 2846 1972 2859 .

407 2893 487 2948 At
517 2893 577 2947 de
604 2888 867 2949 cineribus
899 2886 1171 2961 arenffque
1187 2886 1330 2965 satis
1359 2905 1374 2941 ε
1390 2885 1514 2957 jam
1540 2900 1672 2940 vero
1693 2882 1752 2936 de
1763 2946 1767 2950 ἡ
1771 2876 1923 2953 saxis
1942 2893 2111 2952 gran.

300 2965 532 3022 dioribus
571 2983 607 3023 a
641 2965 1005 3038 conflagrante
1060 2963 1134 3018 Vc
1157 2963 1287 3018 avio
1341 2955 1584 3033 &citatis
1618 2966 1789 3031 pauca
1831 2953 2065 3082 dicgmus
2108 2989 2125 3008 ο

1939 3041 2037 3079 ane
