2373 3340
435 129 994 195 ’””“ΟΑΡΪΠΤ
1065 133 1616 197 PRIMUM.
1851 161 1917 207 29

203 258 498 346 praesertim
537 267 656 323 caelo
687 305 701 331 ,
738 262 811 323 ὅθ’
839 266 1000 324 nulla
1029 275 1318 321 ventorum
1363 269 1423 322 vi
1463 270 1675 342 agitato
1708 304 1723 332 ‚
1762 268 1896 341 quod
1927 263 1998 321 ἔθ’

209 342 424 398 Plinius
452 347 539 406 (1)
567 343 758 411 optime
787 340 1069 396 intellexit
1099 375 1114 400 ‚
1158 340 1553 414 explicavitque
1583 380 1596 392 .

229 427 231 430 ‘
266 420 274 433 ⁵
347 410 509 482 Qod
532 415 603 467 ad
613 409 893 490 fragorem
917 411 1084 463 illam
1113 412 1379 467 ingentem
1409 448 1424 474 ‚
1465 416 1742 467 tonitrum
1773 415 1995 470 imitan-

195 495 307 540 tem
337 489 547 540 attinet
577 523 592 548 ‚
633 504 731 557 quo
762 483 1039 538 interdum
1066 520 1082 547 ,
1164 482 1546 558 requentffme
1576 502 1704 540 vero
1735 503 1851 539 cum
1883 502 1992 538 ma-

193 558 339 611 xime
367 557 716 636 invalesceret
747 556 1046 611 incendium
1075 594 1091 619 ‚
1121 575 1263 612 mons
1292 552 1364 613 1&
1390 560 1603 613 vicinus
1634 561 1727 610 ae‘r
1759 558 1991 630 undique

194 629 480 704 resonabat
524 668 539 694 ‚
570 629 867 705 praesertim
905 643 1008 681 x11
1072 629 1348 685 Kalendas
1378 630 1551 698 Junii
1593 650 1610 698 ,-
1653 626 1725 686 &²
1755 648 1855 684 non
1886 647 1993 683 mo·

194 703 256 756 do
271 699 586 772 firmiffi'ma
615 717 828 775 quaeque
865 701 1017 756 urbis
1055 700 1270 771 aedfficia
1301 740 1317 766 ,
1343 703 1558 781 perinde
1597 716 1760 778 atque
1789 706 1849 757 in
1880 714 1993 756 ter-

190 773 497 830 raemotibus
529 809 544 835 ‚
584 773 687 848 sed
712 771 889 845 diffita
917 776 1087 827 etiam
1116 777 1189 827 ad
1218 777 1517 846 quindecim
1554 788 1717 849 atque
1759 775 1990 846 amplius

180 842 431 921 paffuum
467 846 648 901 millia
677 843 1126 899 concutiebantur
1149 865 1168 912 ς
1196 848 1289 900 boc
1316 850 1756 901 animadvertere
1783 846 1948 898 licuit
1977 881 1994 908 ‚

189 935 296 974 non
324 914 525 972 ‘intimo
555 931 718 973 terrae
756 918 986 970 tremori
1022 916 1389 989 concuffionem
1427 917 1588 970 illam
1638 915 1988 970 tribuendane

185 989 305 1063 effe,
328 988 421 1064 secl
443 991 561 1043 ae'ri
591 1004 624 1043 a
652 1006 789 1045 nova
814 981 888 1041 ἐξ
901 1001 1002 1061 per
1029 989 1342 1044 intervalla
1370 991 1605 1064 repetita
1624 986 1994 1066 flammarum

185 1057 466 1134 eruptione
495 1062 706 1136 disjecio
735 1081 753 1130 3
813 1076 917 1115 non
959 1059 1189 1128 absimili
1217 1064 1432 1116 ratione
1463 1098 1477 1122 ‚
1519 1075 1683 1137 atque
1715 1081 1741 1115 e
1766 1062 1994 1135 pulvere

185 1134 405 1204 nitrato
443 1135 503 1188 in
537 1139 713 1206 'ignem
753 1131 976 1203 immiffo
1018 1169 1034 1196 ‚
1090 1144 1158 1187 ut
1199 1149 1337 1190 nova
1362 1130 1602 1207 flamma
1643 1171 1658 1197 ,
1697 1133 1782 1201 stc
1820 1137 1990 1189 etiam

168 1202 429 1275 strepitus
457 1206 649 1254 oritur
688 1239 702 1251 .
759 1205 921 1270 quue
946 1220 1001 1251 eo
1031 1217 1351 1270 argumento
1365 1205 1512 1275 satis
1543 1204 1840 1279 comperisti²
1872 1224 1986 1260 cen-

164 1270 343 1351 semus
386 1307 403 1334 ‚
461 1272 603 1344 quod
635 1273 830 1327 montis
869 1270 1077 1343 quidem
1101 1269 1306 1346 fragor
1347 1310 1362 1336 ‚
1399 1272 1838 1348 aedificiorumque
1875 1288 1994 1330 tre-

180 1362 296 1399 mor
332 1355 562 1417 tempore
599 1344 783 1399 exabie
812 1341 1204 1399 concurrebant
1244 1364 1261 1399 ε
1303 1357 1534 1417 uterque
1563 1360 1748 1402 autem
1760 1344 1986 1422 subitas

177 1412 408 1493 quasque
436 1413 508 1472 c&
538 1418 837 1472 immodicas
855 1412 1226 1492 flammarum
1256 1420 1556 1494 eruptiones
1587 1457 1602 1483 ,
1635 1421 1817 1494 aliquo
1849 1433 1988 1476 tem-

170 1494 315 1568 poris
341 1487 513 1564 spatio
541 1490 825 1562 interjecto
847 1486 1314 1568 ‚subsequebatur
1343 1512 1360 1559 3
1393 1509 1493 1546 non
1516 1491 1658 1567 secus
1690 1511 1751 1548 ac
1783 1495 1843 1548 in
1871 1506 1992 1550 tor·-

183 1574 490 1617 neentorum
519 1559 1133 1638 explosz'onefierisolet,
1159 1580 1385 1634 quorum
1419 1562 1651 1635 flamma
1672 1569 1832 1638 prius
1865 1586 1988 1624 con-

161 1633 401 1712 spicitur
433 1653 452 1700 3
494 1647 618 1688 tum
648 1651 776 1689 vero
801 1632 911 1705 post
940 1636 1166 1707 aliquod
1189 1640 1437 1709 temporis
1452 1636 1705 1713 spatium
1735 1675 1750 1702 ,
1779 1650 1881 1711 pro
1911 1642 1988 1692 lo-

179 1724 364 1762 corum
403 1704 663 1778 distantia
693 1743 709 1769 ‚
752 1707 1018 1780 strepitus
1051 1718 1389 1779 propagatur
1431 1749 1443 1761 .
1513 1709 1779 1782 Siquidem
1818 1724 1985 1767 terrae

184 1792 441 1837 tremores
471 1779 637 1832 eodem
661 1789 786 1852 pene
819 1793 1079 1834 momento
1107 1781 1356 1852 temporis
1388 1781 1485 1836 vel
1509 1783 1568 1835 in
1595 1781 1782 1856 diffitis
1819 1788 1988 1857 regio-

185 1851 341 1907 nibus
366 1850 708 1928 sentiuntur
734 1889 750 1916 ‚
797 1849 1011 1931 scilicet
1043 1863 1139 1927 per
1177 1855 1507 1908 continentes
1549 1870 1833 1909 terrarum
1864 1871 1987 1910 tra-

177 1923 295 1979 bius
323 1936 476 1979 motu
505 1922 810 1999 transmisso
849 1919 923 1980 &5
961 1926 1350 1980 communicato
1402 1945 1422 1993 ,-
1480 1926 1565 1982 bic
1601 1945 1729 1983 vero
1773 1930 1989 1999 nonnffi

178 1997 467 2069 aliquanto
485 1998 597 2072 post
636 2010 866 2070 tempore
896 2035 910 2061 ‚
949 2015 1108 2069 quam
1141 1995 1376 2062 flamma
1421 1998 1685 2072 effulsisset
1717 2039 1731 2064 ‚
1774 1997 1979 2075 fragor

180 2086 290 2122 una
324 2083 384 2122 ac
414 2079 575 2122 terrae
618 2066 867 2140 concuffio
898 2066 1295 2142 percipiebatur
1325 2107 1338 2120 .
1395 2077 1576 2143 Atque
1612 2073 1735 2127 binc
1752 2073 1935 2143 fiebat
1962 2113 1980 2140 ‚

181 2157 282 2194 cur
311 2142 355 2192 ii
390 2173 405 2201 ,
434 2140 625 2210 quibus
654 2156 762 2195 non
789 2144 975 2212 ignota
1006 2152 1130 2194 erat
1159 2139 1460 2219 hujusmodi
1479 2144 1801 2217 pbaenomeni
1830 2147 1979 2199 theo-

178 2215 267 2267 ria
302 2248 317 2276 ,
349 2230 375 2264 e
409 2212 645 2286 sublatis
676 2216 735 2267 in
765 2217 937 2267 ae'rem
962 2210 1212 2288 flammis
1240 2249 1255 2273 ‚
1313 2228 1381 2270 ut
1406 2215 1689 2293 fragorem
1728 2214 1800 2272 {⁸9²
1840 2217 1980 2272 bone-

177 2285 308 2339 bum
337 2290 445 2360 ‚sic
477 2286 643 2339 etiam
673 2285 1007 2355 adficiorum
1031 2283 1403 2364 succuffionem
1443 2327 1459 2355 ,
1515 2306 1581 2343 ex
1619 2290 1751 2345 urbe
1784 2288 1981 2369 prospi-

182 2361 376 2415 cientes
408 2400 424 2427 ,
454 2358 796 2439 praedicerent
826 2399 840 2413 .

320 2431 594 2489 Fulmina
625 2450 827 2507 quoque
855 2434 913 2490 in
945 2435 1045 2490 bac
1082 2435 1510 2512 conflagratione
1540 2433 1977 2512 frequentiffima

182 2520 319 2577 <eque
337 2503 583 2576 fuerunt
612 2541 627 2568 ,
654 2519 819 2580 atque
844 2510 903 2562 in
934 2509 1057 2561 aliis
1086 2545 1102 2570 ,
1132 2527 1243 2584 quae
1282 2512 1462 2583 nostra
1491 2552 1509 2579 ,
1542 2525 1842 2584 patrumve
1881 2530 1974 2575 no-

161 2576 411 2650 strorum
443 2581 693 2632 memoria
726 2583 1072 2653 contigerunt
1102 2620 1114 2633 .
1155 2584 1310 2638 Inter
1349 2586 1541 2639 cineris
1581 2579 1653 2638 ἐξ
1683 2583 1833 2661 fumi
1861 2585 1983 2639 den-

165 2647 387 2725 fiffimos
418 2648 619 2709 nimbos
647 2652 855 2732 accensa
885 2655 1000 2711 late
1027 2654 1377 2732 coruscabant
1406 2676 1424 2725 3
1464 2655 1875 2807 resa-chainone
1915 2670 1978 2711 ea

983 2753 987 2757 ·
1749 2731 1909 2786 ulmi-

187 2875 191 2879 .
230 2828 298 2883 (Ι)
355 2829 557 2889 Epist-16.
581 2832 726 2878 libr.6.
763 2833 919 2880 Nubes
948 2869 959 2881 .
991 2869 1002 2880 .
1034 2844 1046 2880 ’.’
1078 2840 1089 2880 2
1120 2835 1376 2888 oriebatur,
1406 2840 1530 2888 cujus
1568 2835 1900 2880 fimilitudinem
1922 2837 1967 2880 δε

174 2883 365 2930 formam
383 2904 473 2934 non
493 2889 575 2933 alia
594 2905 660 2933 res
677 2891 849 2947 magis,
881 2906 1015 2948 quam
1056 2892 1185 2947 pinus
1220 2893 1479 2950 expresserit
1517 2926 1529 2936 .
1566 2894 1685 2938 Nam
1724 2891 1970 2947 longissimo

171 2944 298 2986 veLut
316 2956 474 2990 trunco
493 2947 646 2994 efflata
677 2948 720 2999 in
739 2949 1156 3005 altum,quibusdam
1174 2952 1305 3001 ramis
1326 2949 1675 3004 diffundebatur·²
1697 2948 1846 2996 credo,
1864 2950 1968 3003 qnia

173 3003 336 3061 recenti
357 3000 521 3058 spiritu
540 3004 704 3054 ενεέὶει,
724 3005 826 3050 dein
850 3000 1096 3053 seheskente
1116 3022 1167 3054 eo
1183 3007 1413 3061 destituta,
1430 3019 1507 3053 aut
1523 3008 1658 3053 etiam
1676 2999 1871 3064 pondere
1888 3004 1975 3051 suo

173 3055 287 3099 νιέὶα
311 3084 324 3108 ,
341 3059 386 3103 in
407 3059 687 3110 latitudinem
705 3062 962 3110 vanescebat
985 3098 997 3111 .
